1729 2400
434 170 1040 86 questo in quale trouare alcune cose molto

432.0 244.0 1035.0 66.0 rare. Raccomandoui Karlo mio fratello

436.0 306.0 1060.0 72.0 huomo a uoi et alafamia ur̃a dilecto. Ualeꝷ

400 366 1040 84 EX LUDIS RERUM MATHEMATICARŨ

568 430 890 90 E UOLETE solo coluedere. sendo ĩ capo

576 500 914 96 duna piazza misurare quanto sia alta

436.0 586.0 1014.0 75.0 quella torre qual sia impie della piazza

425.0 653.0 1033.0 71.0 Fate in questo modo. Ficcate uno dardo in terã

430 716 1042 80 et fermatelo chello stia bene firmo a piom-

430 780 1066 94 bo. Et poi scostateui da questo dardo quã-

430 852 1060 88 to pare a uoi o sei o octo piedi . Et in-

434.0 922.0 1029.0 78.0 di mirate Lacima della torre dirizan-

432 990 1050 82 do. el uostro uedere a mira per el dri-

434 1050 1060 90 cto del dardo. Et li doue el uedere uo-

437.0 1136.0 1025.0 62.0 stro batte nel dardo fateui porre una

438.0 1204.0 1044.0 77.0 poca di cera per Segno. et chiamasi que

440 1270 992 70 sta cera. A. Et poi aquello stato et

436.0 1337.0 1007.0 75.0 fermezza de uostri piedi et uiso ꝙ

434.0 1410.0 1021.0 75.0 qual miraste La cima mirate gui

613 1477 865 72 eL pie della medesima torre

437.0 1542.0 1010.0 84.0 Et qui simile doue al dardo u

460.0 1616.0 972.0 74.0 Uostro batte el uostro uedere
