1762 2400
590 442 770 88 ONOSCO chio fui tardo in sa-

592 514 770 84 tisfare in questo opuscolo a de-

598 582 760 90 siderij uostri : Et benche diq̃-

600 652 782 98 sta mia tardita io possa allega-

317.0 741.0 1027.0 72.0 re multe scuse et cagioni pur midilecta

296 798 1066 84 piu rimettermi alla humanita et facili-

298.0 866.0 1038.0 84.0 ta uostra et domandare perdono sio errai

281.0 940.0 1062.0 80.0 Forse haro satisfactoui quanto in queste cose io

302.0 1009.0 1053.0 76.0 cundissime qui raccolte uoi prenderete di-

302.0 1076.0 1055.0 84.0 lecto si inconsiderare si ancora in praticarle

304.0 1141.0 1043.0 85.0 et adoperarle. I mi sforzai discriuerle mol

306.0 1217.0 1071.0 81.0 to uperte pur conuien rimeritarui cħ que-

306.0 1282.0 1045.0 75.0 ste sono materie certo subtili et male si

306.0 1352.0 1033.0 80.0 possano tractare in modo si piano che non

305.0 1424.0 1063.0 81.0 ui cõuenga stare attento aricognoscerle. Se

306.0 1497.0 1023.0 81.0 ui saranno grate saro multo lieto. Et uoi

308.0 1565.0 1013.0 75.0 se altro pui desiderarete: qñ lo sentiro

309.0 1636.0 1062.0 85.0 mi sforzaro di satisfarui. Per hora siui grato
