1729 2400
444 176 1068 94 Dico che la parte del dardo quale sta fra .C. et

441.0 257.0 1046.0 68.0 .B. entra tante uolte in la distantia quale sta

442.0 320.0 1042.0 72.0 fra .B. et. d. cioe fra locchio uostro et el pie

441.0 382.0 1067.0 78.0 del dardo quante uolte laltezza della tõre

440.0 454.0 1040.0 79.0 entra in la distanzia qual sia fra lochio ur̃o

440.0 530.0 1035.0 75.0 et el pie della torre. Et per Exemplo.

374 588 1104 98 Sia La torre alta piedi cento: et lochio ur̃o:

452.0 664.0 1019.0 80.0 sia distante dal piedi dedicta torre piedi:

448.0 737.0 1052.0 77.0 Mille. Trouarete nel uostro dardo chel la mira

449.0 813.0 1039.0 71.0 risponde pur simile: cioe come cento entra

444.0 882.0 1062.0 71.0 in mille dieci uolte. Cosi. C. B. entra in .D.

446.0 945.0 1065.0 85.0 .B. pur diece Uolte. Adunq uoi misurate

449.0 1024.0 1042.0 69.0 quante uolte . C. B. entra in . D. B. et secon

453.0 1088.0 1063.0 82.0 do quello numero saperete quante altezze

454.0 1156.0 1060.0 70.0 della torre entraranno in tutta la distãçia

452.0 1221.0 1059.0 72.0 che sia fra locchio uostro et el pie della torre

452.0 1290.0 1067.0 76.0 senza niuno errore. Et questo medesimo po-

452.0 1358.0 1058.0 82.0 trete pur fare col filo segnando el puncto .C.

460.0 1429.0 413.0 75.0 con la sua perla.

386 1478 1132 104 Pare ad alcuni piu breue uia tanto apre-

454.0 1569.0 1038.0 80.0 ssarsi alla torre che stando uoi a giacere.

457.0 1633.0 1039.0 93.0 et toccando co piedi el dardo fitto ĩ terra
