1726 2400
294 170 1068 82 come di sopra la mira addirita la cima della

293.0 245.0 1067.0 67.0 torre batta nel dardo alta tanto quanto pro

293.0 306.0 1036.0 79.0 prio sia da lochio uostro ai piedi: Et dicono

292.0 377.0 1057.0 73.0 el uero che tanto sara dal piedi della torre.

290.0 444.0 1051.0 88.0 a locchio ur̃o quanto dal medesimo pie per

306.0 524.0 488.0 68.0 insino ala Cima.

226 570 1102 102 Altri danno altri modi quali sono et ueri-

306 652 612 90 ssimi et utili et dicono:

292 726 1036 94 TOLGLI uno spechio o piu tosto qual:

293.0 804.0 1026.0 74.0 che scudella piena daqqua et ponila in

290.0 869.0 1057.0 76.0 terra et discostati da epsa sempre uolgien-

290.0 933.0 1075.0 81.0 do el uolto alla torre. et alla decta scude-

289.0 1010.0 1056.0 79.0 lla per insino chettu ueda inquella super-

289.0 1081.0 1050.0 73.0 ficie dellaqua representata Lacima della

286.0 1150.0 1054.0 78.0 torre. Et trouerai che quante uolte lo spa:

289.0 1214.0 1040.0 80.0 cio che sia tra piedi tuoi entra in lo spacio

289.0 1280.0 1044.0 84.0 chesia tra i piedi tuoi et lospecchio. Tante

289.0 1352.0 1043.0 76.0 uolte entra la torre in lo spacio che sia fra

292.0 1422.0 1043.0 80.0 lo spechio el pie della torre: Sieui questo

300.0 1496.0 1041.0 82.0 per exemplo chiamasi lacima della torre

286.0 1566.0 1055.0 79.0 .A. et el suo pie .B. lo spechio .C. lochio .D.

290.0 1636.0 1043.0 90.0 el sito proprio doue sono e uostri piedi si
