<alto xmlns:xsi="http://www.w3.org/2001/XMLSchema-instance" xmlns="http://www.loc.gov/standards/alto/ns-v4#" xsi:schemaLocation="http://www.loc.gov/standards/alto/ns-v4# http://www.loc.gov/standards/alto/v4/alto-4-2.xsd">
  <Description>
    <MeasurementUnit>pixel</MeasurementUnit>
    <sourceImageInformation>
      <fileName>seq-11.jpg</fileName>
      <fileIdentifier>mets//alberti-leon-battista-1404-1472-ex-ludis-rerum-mathematicarum-manuscript_zIRFvPw.zip/seq-11.jpg</fileIdentifier>
    </sourceImageInformation>
  </Description>
  
  <Tags>
    <OtherTag ID="BT15052" LABEL="MainZone" DESCRIPTION="block type MainZone"/><OtherTag ID="BT15053" LABEL="GraphicZone" DESCRIPTION="block type GraphicZone"/><OtherTag ID="BT15054" LABEL="DropCapitalZone" DESCRIPTION="block type DropCapitalZone"/><OtherTag ID="BT16576" LABEL="DamageZone" DESCRIPTION="block type DamageZone"/><OtherTag ID="BT16581" LABEL="NumberingZone" DESCRIPTION="block type NumberingZone"/><OtherTag ID="BT16583" LABEL="RunningTitleZone" DESCRIPTION="block type RunningTitleZone"/><OtherTag ID="BT16585" LABEL="StampZone" DESCRIPTION="block type StampZone"/><OtherTag ID="BT16575" LABEL="MarginTextZone" DESCRIPTION="block type MarginTextZone"/><OtherTag ID="BT16577" LABEL="DigitizationArtefactZone" DESCRIPTION="block type DigitizationArtefactZone"/>
    <OtherTag ID="LT6351" LABEL="DefaultLine" DESCRIPTION="line type DefaultLine"/><OtherTag ID="LT6352" LABEL="HeadingLine" DESCRIPTION="line type HeadingLine"/><OtherTag ID="LT6928" LABEL="InterlinearLine" DESCRIPTION="line type InterlinearLine"/>
  </Tags>
  
  <Layout>
    <Page WIDTH="1742" HEIGHT="2400" PHYSICAL_IMG_NR="1" ID="eSc_dummypage_">
      <PrintSpace HPOS="0" VPOS="0" WIDTH="1742" HEIGHT="2400">
        
        <TextBlock HPOS="229" VPOS="177" WIDTH="1164" HEIGHT="1082" ID="block_0" TAGREFS="BT15052">
          <Shape><Polygon POINTS="1393 177 1393 1259 229 1259 229 177"/></Shape>
          
          
          <TextLine ID="line_5" TAGREFS="LT6351" BASELINE="292 237 1340 229" HPOS="292.0" VPOS="174.0" WIDTH="1048.0" HEIGHT="84.0">
            <Shape><Polygon POINTS="1336 190 1245 190 1239 189 1212 180 1211 180 1209 180 1208 180 1207 180 1193 188 1188 192 1136 192 1129 188 1113 174 1112 174 1111 174 1071 174 1069 174 1068 174 1041 186 1029 193 989 193 980 186 976 182 975 182 973 182 972 182 971 182 960 186 951 189 941 186 923 178 921 178 920 178 888 185 869 189 852 185 816 176 814 176 813 176 772 177 770 177 757 184 736 196 608 196 585 182 580 178 578 178 577 178 509 178 508 178 506 178 501 181 486 189 470 181 466 180 465 180 464 180 462 180 461 180 460 181 446 190 385 180 378 180 377 180 376 180 373 180 332 193 292 180 292 237 293 258 312 252 412 257 448 258 449 258 450 258 452 258 454 256 468 246 606 250 608 250 609 250 640 242 665 249 666 249 668 249 669 249 688 242 801 249 802 249 804 249 824 242 845 250 849 252 850 252 852 252 861 250 903 241 924 249 925 249 927 249 933 249 1033 241 1056 248 1076 253 1077 253 1079 253 1125 246 1179 238 1216 245 1228 246 1229 246 1231 246 1235 245 1249 238 1276 244 1291 246 1292 246 1339 242 1340 229 1336 190"/></Shape>
	    <String CONTENT="et segnando le mire uostre cioe. A. B. C. cũ tre" HPOS="292.0" VPOS="174.0" WIDTH="1048.0" HEIGHT="84.0"/>
          </TextLine>

          
          
          <TextLine ID="line_6" TAGREFS="LT6351" BASELINE="289 302 1332 302" HPOS="289.0" VPOS="254.0" WIDTH="1043.0" HEIGHT="64.0">
            <Shape><Polygon POINTS="289 302 289 316 1331 318 1332 302 1332 269 1208 269 1207 268 1187 258 1185 258 1184 258 1147 268 1144 268 1141 268 1103 256 1101 256 1100 256 1064 261 1036 254 1035 254 899 254 897 254 896 254 895 254 884 261 797 254 796 254 794 254 768 265 761 268 680 268 674 265 644 254 642 254 618 254 617 254 616 254 614 254 602 265 597 269 390 269 384 264 378 258 377 258 376 258 325 256 324 256 289 262 289 302"/></Shape>
	    <String CONTENT="perle come altre uolte ui mostrai." HPOS="289.0" VPOS="254.0" WIDTH="1043.0" HEIGHT="64.0"/>
          </TextLine>

          
          
          <TextLine ID="eSc_line_6f94618f" TAGREFS="LT6351" BASELINE="290 375 429 370 468 370 489 368 509 369 1321 366" HPOS="288" VPOS="306" WIDTH="1032" HEIGHT="98">
            <Shape><Polygon POINTS="290 374 290 404 396 402 398 402 400 402 400 400 418 386 490 398 492 400 492 398 568 386 672 392 674 392 676 392 678 392 678 390 686 384 706 396 712 400 714 400 716 400 718 400 744 394 780 386 808 392 848 402 850 402 852 402 854 402 866 392 876 384 934 390 1000 396 1002 396 1004 396 1006 396 1006 394 1014 388 1022 380 1104 380 1124 386 1152 394 1154 394 1156 394 1158 394 1184 384 1190 382 1202 384 1272 394 1274 394 1276 394 1320 380 1320 366 1318 318 1298 306 1296 306 1294 306 1292 306 1290 306 1288 306 1288 308 1274 320 1258 320 1060 306 1058 306 1056 306 1032 318 1024 320 984 316 932 312 930 312 928 312 916 316 898 322 872 316 842 308 840 308 838 308 836 308 822 314 808 322 780 314 756 308 754 308 752 308 750 308 732 314 706 322 288 310 290 374"/></Shape>
	    <String CONTENT="MISURERETE in questo modo laltezza" HPOS="288" VPOS="306" WIDTH="1032" HEIGHT="98"/>
          </TextLine>

          
          
          <TextLine ID="line_10" TAGREFS="LT6351" BASELINE="289 438 1343 432" HPOS="288.0" VPOS="385.0" WIDTH="1055.0" HEIGHT="73.0">
            <Shape><Polygon POINTS="289 438 289 458 376 450 396 458 397 458 398 458 469 450 492 458 493 458 494 458 496 458 500 458 537 449 606 457 614 457 616 458 681 458 681 457 682 457 684 457 685 456 694 449 756 454 757 454 758 454 774 448 820 454 833 456 834 456 836 456 841 454 857 448 912 453 928 454 929 456 1001 456 1001 454 1003 454 1009 452 1024 446 1048 452 1061 454 1063 454 1168 452 1169 452 1171 452 1172 450 1181 445 1268 445 1276 449 1281 453 1283 453 1284 453 1285 453 1341 448 1343 432 1340 398 1301 398 1280 385 1279 385 1277 385 1276 385 1171 396 1055 388 1053 388 1005 398 979 389 977 389 976 389 917 400 710 388 709 388 588 389 586 389 537 401 489 393 488 393 486 393 465 402 288 404 289 438"/></Shape>
	    <String CONTENT="duna torre di quale niuna parte a uoi sara" HPOS="288.0" VPOS="385.0" WIDTH="1055.0" HEIGHT="73.0"/>
          </TextLine>

          
          
          <TextLine ID="line_11" TAGREFS="LT6351" BASELINE="292 512 1336 500" HPOS="290.0" VPOS="449.0" WIDTH="1046.0" HEIGHT="83.0">
            <Shape><Polygon POINTS="292 512 292 524 385 529 386 529 458 522 465 522 466 522 490 532 492 532 493 532 585 524 637 530 638 530 768 526 769 526 770 526 781 518 782 518 801 518 951 524 952 524 953 524 975 517 1007 524 1008 524 1009 524 1011 524 1021 516 1024 516 1071 525 1072 525 1073 525 1093 518 1217 524 1219 524 1335 512 1336 500 1331 453 1316 458 1308 453 1303 449 1301 449 1300 449 1219 449 1217 449 1216 449 1195 456 1176 461 1148 457 1105 450 1104 450 1103 450 1101 450 1089 458 1077 466 1041 466 1031 460 1023 453 1021 453 1020 453 1000 453 999 453 957 461 931 466 924 462 912 453 911 453 909 453 872 453 870 453 869 453 828 464 808 469 734 469 730 466 706 456 705 456 704 456 702 456 658 468 648 470 632 469 544 457 542 457 541 457 540 457 522 472 518 473 496 472 438 468 437 468 290 476 292 512"/></Shape>
	    <String CONTENT="nota ma ben potrete andare sino al pie della" HPOS="290.0" VPOS="449.0" WIDTH="1046.0" HEIGHT="83.0"/>
          </TextLine>

          
          
          <TextLine ID="line_12" TAGREFS="LT6351" BASELINE="1197 574 1355 568" HPOS="1193.0" VPOS="524.0" WIDTH="162.0" HEIGHT="74.0">
            <Shape><Polygon POINTS="1197 574 1197 598 1249 592 1255 592 1277 597 1279 597 1280 597 1281 597 1293 586 1296 584 1299 585 1307 592 1307 593 1308 593 1309 593 1311 593 1312 593 1313 593 1313 592 1325 582 1328 578 1355 577 1355 568 1351 530 1325 533 1320 529 1319 528 1319 526 1317 526 1316 526 1315 526 1313 526 1312 526 1311 529 1297 540 1253 542 1228 525 1225 524 1224 524 1223 524 1221 524 1193 524 1197 574"/></Shape>
	    <String CONTENT="torre" HPOS="1193.0" VPOS="524.0" WIDTH="162.0" HEIGHT="74.0"/>
          </TextLine>

          
          
          <TextLine ID="line_13" TAGREFS="LT6351" BASELINE="225 660 657 650 1341 648" HPOS="222" VPOS="576" WIDTH="1118" HEIGHT="108">
            <Shape><Polygon POINTS="224 660 224 680 350 670 406 682 418 684 420 684 422 684 428 682 456 668 484 680 486 680 488 680 536 670 610 680 622 682 624 682 626 682 632 680 686 666 740 676 742 676 744 676 778 666 808 680 810 680 812 680 814 680 816 680 818 680 838 668 850 678 850 680 852 680 854 680 856 682 904 682 904 680 906 680 910 680 958 664 1082 674 1084 674 1146 662 1338 676 1340 648 1338 608 1282 584 1280 584 1278 584 1276 584 1254 594 1228 582 1226 582 1224 582 1222 582 1166 602 1154 606 1142 602 1104 588 1102 588 1100 588 1098 588 1058 600 1048 602 1040 598 1006 582 1004 582 1002 582 1000 582 956 596 930 604 872 594 790 580 788 580 786 580 764 590 728 610 598 598 596 598 594 598 568 612 544 590 542 590 540 590 538 590 536 590 490 612 458 600 456 600 454 600 378 608 338 578 336 576 334 576 332 576 222 576 224 660"/></Shape>
	    <String CONTENT="Ficcate in terra come disopra dissi et scosta:" HPOS="222" VPOS="576" WIDTH="1118" HEIGHT="108"/>
          </TextLine>

          
          
          <TextLine ID="line_14" TAGREFS="LT6351" BASELINE="294 721 1344 713" HPOS="293.0" VPOS="669.0" WIDTH="1051.0" HEIGHT="76.0">
            <Shape><Polygon POINTS="294 721 294 738 349 736 368 738 396 744 397 744 437 738 461 736 478 738 512 745 513 745 514 745 533 738 545 734 561 738 577 742 578 742 580 742 616 738 658 733 681 738 706 744 708 744 733 738 756 733 782 738 816 744 817 744 885 737 947 732 955 737 957 740 959 740 960 740 1079 741 1080 741 1081 741 1092 737 1109 730 1143 737 1147 737 1148 737 1149 737 1151 737 1161 730 1233 730 1244 737 1248 740 1249 740 1251 740 1252 740 1344 736 1344 713 1340 673 1181 680 1165 673 1161 672 1160 672 1159 672 1157 672 1156 672 1155 673 1140 682 1107 682 1053 674 1033 672 1032 672 1031 672 1020 674 987 682 904 674 895 674 893 674 892 674 891 674 877 684 805 684 793 676 785 669 784 669 782 669 642 669 641 669 597 670 596 670 580 677 561 685 484 685 469 677 461 672 460 672 458 672 425 672 424 672 422 672 421 672 414 677 402 686 336 686 325 678 318 672 317 672 316 672 314 672 313 672 293 677 294 721"/></Shape>
	    <String CONTENT="teui da questo dardo quanto ui pare et po:" HPOS="293.0" VPOS="669.0" WIDTH="1051.0" HEIGHT="76.0"/>
          </TextLine>

          
          
          <TextLine ID="line_15" TAGREFS="LT6351" BASELINE="297 796 1380 786" HPOS="296.0" VPOS="736.0" WIDTH="1084.0" HEIGHT="80.0">
            <Shape><Polygon POINTS="297 796 297 808 369 808 392 816 393 816 394 816 396 816 412 809 584 813 585 813 586 813 608 805 658 813 660 813 810 804 812 804 813 804 880 812 881 812 883 812 884 812 895 805 943 810 944 810 981 804 1024 810 1025 810 1089 801 1093 801 1095 801 1111 809 1112 809 1113 809 1341 808 1380 798 1380 786 1377 754 1293 752 1241 736 1240 736 1239 736 1180 737 1179 737 1141 753 1139 756 1069 756 1061 753 1045 748 1044 748 1043 748 976 753 957 754 951 753 899 740 897 740 896 740 834 746 820 740 818 740 817 740 689 741 688 741 666 753 654 760 604 761 468 761 452 753 433 744 432 744 430 744 429 744 398 753 377 758 296 753 297 796"/></Shape>
	    <String CONTENT="nete locchio giu basso alla terra e indi mira-" HPOS="296.0" VPOS="736.0" WIDTH="1084.0" HEIGHT="80.0"/>
          </TextLine>

          
          
          <TextLine ID="line_16" TAGREFS="LT6351" BASELINE="296 864 1340 857" HPOS="294.0" VPOS="808.0" WIDTH="1046.0" HEIGHT="69.0">
            <Shape><Polygon POINTS="296 864 296 877 1339 869 1340 857 1336 818 1296 821 1288 818 1267 809 1265 809 1205 808 1204 808 1203 808 1176 820 1171 821 1167 820 1132 808 1131 808 1129 808 1128 808 1087 820 1080 822 1077 821 1060 809 1059 809 1057 809 1028 809 1027 809 1025 809 1024 809 1008 820 973 810 972 810 971 810 928 820 858 810 857 810 856 810 854 810 833 822 832 824 826 824 797 818 796 818 672 825 654 825 653 825 618 812 617 812 577 812 576 812 574 812 545 826 440 826 368 813 366 813 365 813 364 813 349 825 329 818 328 818 326 818 325 818 294 828 296 864"/></Shape>
	    <String CONTENT="te lacima della torre dirizando el uedere ." HPOS="294.0" VPOS="808.0" WIDTH="1046.0" HEIGHT="69.0"/>
          </TextLine>

          
          
          <TextLine ID="line_17" TAGREFS="LT6351" BASELINE="297 937 1351 929" HPOS="296.0" VPOS="873.0" WIDTH="1055.0" HEIGHT="77.0">
            <Shape><Polygon POINTS="297 937 297 950 1349 941 1351 929 1349 890 1292 873 1291 873 1289 873 1288 873 1287 873 1260 890 1208 890 1171 874 1169 874 1168 874 1107 882 1083 874 1081 874 999 874 997 874 948 876 947 876 945 876 935 884 888 876 887 876 885 876 852 889 825 876 824 876 822 876 764 888 726 877 725 877 724 877 722 877 692 888 649 886 648 886 646 886 645 886 638 893 636 894 624 893 593 888 592 888 590 888 574 893 568 896 442 896 437 893 428 889 426 889 425 889 424 889 406 893 397 896 393 893 382 886 381 886 380 886 378 886 348 893 337 896 296 894 297 937"/></Shape>
	    <String CONTENT="ur̃o per mezzo la drictura del dardo et li" HPOS="296.0" VPOS="873.0" WIDTH="1055.0" HEIGHT="77.0"/>
          </TextLine>

          
          
          <TextLine ID="line_18" TAGREFS="LT6351" BASELINE="296 1005 1351 998" HPOS="294.0" VPOS="945.0" WIDTH="1057.0" HEIGHT="84.0">
            <Shape><Polygon POINTS="296 1005 297 1029 340 1017 382 1025 384 1025 385 1025 428 1014 462 1026 464 1026 465 1026 466 1026 468 1026 470 1026 512 1013 580 1022 581 1022 582 1022 592 1017 602 1024 606 1026 608 1026 609 1026 610 1028 642 1028 642 1026 644 1026 653 1022 669 1014 748 1021 810 1025 812 1025 813 1025 828 1018 841 1013 856 1018 868 1022 869 1022 870 1022 872 1022 884 1017 897 1012 963 1012 1009 1016 1115 1024 1116 1024 1117 1024 1119 1024 1135 1013 1141 1009 1189 1012 1287 1017 1288 1017 1349 1008 1351 998 1348 961 1284 953 1283 953 1281 953 1280 953 1269 960 1268 961 1199 961 1199 960 1172 950 1171 950 1169 950 1168 950 1141 960 1136 962 1076 962 1072 960 1045 945 1044 945 1043 945 883 946 881 946 841 960 834 961 828 960 790 946 789 946 746 946 745 946 744 946 742 946 722 958 713 965 624 965 614 958 597 948 596 948 594 948 593 948 538 958 505 965 490 958 476 952 474 952 473 952 472 952 449 958 424 966 386 966 365 958 338 949 337 949 336 949 294 957 296 1005"/></Shape>
	    <String CONTENT="doue el uedere talglia el dardo ponete una" HPOS="294.0" VPOS="945.0" WIDTH="1057.0" HEIGHT="84.0"/>
          </TextLine>

          
          
          <TextLine ID="line_19" TAGREFS="LT6351" BASELINE="292 1077 1336 1068" HPOS="290.0" VPOS="1010.0" WIDTH="1046.0" HEIGHT="82.0">
            <Shape><Polygon POINTS="292 1077 292 1092 446 1085 553 1090 588 1092 589 1092 590 1092 597 1090 616 1084 674 1089 697 1090 698 1090 1336 1080 1336 1068 1332 1010 1293 1012 1292 1012 1255 1026 1235 1021 1233 1021 1232 1021 1115 1028 1088 1016 1083 1013 1081 1013 1032 1013 1031 1013 983 1014 981 1014 972 1018 959 1025 945 1020 933 1014 932 1014 884 1014 883 1014 881 1014 865 1021 842 1030 722 1030 713 1025 697 1017 696 1017 694 1017 693 1017 661 1026 638 1033 585 1033 560 1029 493 1018 492 1018 490 1018 461 1030 456 1033 438 1032 362 1022 361 1022 360 1022 333 1034 332 1036 290 1036 292 1077"/></Shape>
	    <String CONTENT="cera et chiamasi la cima del dardo. A. et il" HPOS="290.0" VPOS="1010.0" WIDTH="1046.0" HEIGHT="82.0"/>
          </TextLine>

          
          
          <TextLine ID="line_20" TAGREFS="LT6351" BASELINE="296 1144 967 1140 1368 1129" HPOS="294.0" VPOS="1084.0" WIDTH="1074.0" HEIGHT="81.0">
            <Shape><Polygon POINTS="296 1144 296 1165 338 1157 480 1156 513 1162 528 1165 529 1165 618 1160 762 1152 792 1157 820 1161 821 1161 822 1161 824 1161 832 1156 837 1152 842 1156 844 1157 845 1157 846 1157 848 1157 858 1154 881 1150 911 1154 939 1157 940 1157 987 1152 1008 1150 1012 1152 1021 1156 1023 1156 1024 1156 1025 1156 1027 1156 1032 1152 1035 1149 1043 1152 1069 1158 1071 1158 1072 1158 1167 1149 1168 1149 1292 1156 1293 1156 1295 1156 1315 1146 1329 1152 1331 1152 1332 1152 1367 1144 1368 1129 1364 1100 1239 1100 1208 1084 1207 1084 1123 1084 1121 1084 1120 1084 1119 1084 1095 1102 1093 1104 1049 1104 1048 1102 1015 1090 1013 1090 1012 1090 1011 1090 1009 1090 989 1102 988 1104 981 1102 932 1093 931 1093 929 1093 892 1102 861 1088 860 1088 797 1088 796 1088 794 1088 793 1088 765 1105 761 1106 725 1105 672 1104 649 1092 648 1092 646 1092 645 1092 594 1106 589 1108 584 1106 536 1096 534 1096 533 1096 532 1096 518 1108 514 1108 492 1109 484 1108 413 1092 412 1092 353 1093 352 1093 325 1108 294 1109 296 1144"/></Shape>
	    <String CONTENT="piedi. B. questa cera postaui. C. et lochio ur̃o" HPOS="294.0" VPOS="1084.0" WIDTH="1074.0" HEIGHT="81.0"/>
          </TextLine>

          
          
          <TextLine ID="line_21" TAGREFS="LT6351" BASELINE="300 1210 1053 1204 1335 1194" HPOS="298.0" VPOS="1149.0" WIDTH="1037.0" HEIGHT="97.0">
            <Shape><Polygon POINTS="300 1210 301 1246 346 1229 377 1229 406 1244 408 1244 409 1244 410 1244 444 1230 482 1237 484 1237 485 1237 486 1237 498 1228 526 1242 528 1242 529 1244 557 1244 557 1242 562 1241 637 1225 901 1225 944 1234 964 1238 965 1238 1052 1237 1053 1237 1055 1237 1061 1232 1065 1229 1084 1232 1109 1236 1111 1236 1112 1236 1123 1230 1137 1225 1160 1230 1184 1236 1185 1236 1187 1236 1208 1229 1241 1220 1332 1226 1335 1194 1331 1149 1165 1169 1100 1161 1099 1161 1047 1170 999 1156 991 1153 989 1153 988 1153 987 1153 981 1156 957 1168 866 1158 838 1156 837 1156 836 1156 834 1156 830 1158 812 1173 785 1173 702 1170 692 1162 685 1157 684 1157 682 1157 681 1157 585 1160 584 1160 570 1165 540 1177 336 1178 320 1170 305 1162 304 1162 302 1162 301 1162 300 1162 300 1164 298 1164 300 1210"/></Shape>
	    <String CONTENT="D. come qui oltra uedete figurato." HPOS="298.0" VPOS="1149.0" WIDTH="1037.0" HEIGHT="97.0"/>
          </TextLine>

          
        </TextBlock>
        
        <TextBlock HPOS="264" VPOS="308" WIDTH="122" HEIGHT="115" ID="eSc_textblock_620168a3" TAGREFS="BT15054">
          <Shape><Polygon POINTS="264 311 270 416 386 423 386 308"/></Shape>
          
        </TextBlock>
        
        <TextBlock HPOS="213" VPOS="570" WIDTH="122" HEIGHT="105" ID="eSc_textblock_c81ea07e" TAGREFS="BT15054">
          <Shape><Polygon POINTS="213 570 213 675 335 675 335 570"/></Shape>
          
        </TextBlock>
        
        <TextBlock HPOS="273" VPOS="920" WIDTH="1362" HEIGHT="820" ID="eSc_textblock_6f0afcdc" TAGREFS="BT15053">
          <Shape><Polygon POINTS="1635 1740 1628 920 1091 1268 706 1230 631 1127 606 1231 273 1233 290 1740"/></Shape>
          
        </TextBlock>
        

        
      </PrintSpace>
    </Page>
  </Layout>
</alto>
