1731 2400
293.0 162.0 1084.0 74.0 torre doue non potete apressarui ma ben uedete

294.0 234.0 1080.0 68.0 el suo pie et la suo cima: ui conuien trouar mo-

296.0 298.0 1053.0 74.0 do di sapere quanto sia lo spatio fra uoi et el

297.0 366.0 1052.0 74.0 piedi della torre : A questo fine pero che se

298.0 434.0 1054.0 80.0 saperete bene colgliere questo spatio. A lora

297.0 508.0 1069.0 72.0 con le misure sopra recitate saprete bene in

300.0 574.0 1042.0 79.0 tendere la sua altezza. Per sapere questa di

300.0 653.0 1042.0 73.0 stanzia ui sereue el modo quale ponemo ꝗ

301.0 724.0 1069.0 62.0 sotto apto a misurare ogni distanzia maxi-

304.0 794.0 1081.0 68.0 me quando ella non sia multo luntana per

298.0 856.0 1107.0 82.0 misurare le molto luntane uidaro milgliore

314 926 576 106 modo piu poi al fine

274 978 1082 114 MISURRETE La larghezza dum fiume

394.0 1070.0 844.0 74.0 sendo sulla ripa sua in questo modo

298.0 1138.0 1051.0 75.0 oneteui co piedi in luogo piano et li ficcate

298.0 1204.0 1030.0 72.0 in terra un dardo come dicemo di sopra Et

296.0 1270.0 1034.0 78.0 chiamasi questo dardo. A. B. In questo dar-

300.0 1336.0 1065.0 84.0 do proprio alaltezza dello ochio ur̃o ponete

304.0 1416.0 1032.0 76.0 segno una cera. et chiamasi questa cera .C.

304.0 1488.0 1073.0 76.0 poi scostateui daquesto. A. B. quanto aprite

298.0 1557.0 1076.0 68.0 le braccia et ficcate iui un altro dardo come

297.0 1624.0 1045.0 85.0 di sopra et chiamasi questo secondo dardo
