3694 2500
435 314 44 96 10

504 300 1256 93 contorni. li quali ... certa. ... il Principe di

491.0 375.0 1258.0 72.0 Condè hauerà da uenire fra poco tempo ...

500.0 420.0 1264.0 102.0 gente forestiera in Francia. che essi si uniraño ...

500 491 1262 100 ... ritornar a danni in questo Regno.

497 554 1271 100 et non ... loro Maestà non habi

497.0 620.0 1286.0 106.0 no molto ben considerato questo. ne meno che di poi

501.0 698.0 1242.0 97.0 hauer pagato tanta gente tutto l'Inuerno. quando

500.0 756.0 1278.0 103.0 non haño potuto riceuer da loro alcun seruitio. li

502.0 827.0 1292.0 100.0 habino poi licentiati al tempo del bisogno. et con

501.0 894.0 1281.0 103.0 certa opinione che possino ritornare contra di loro.

502.0 968.0 1263.0 93.0 onde si può credere ragioneuolmente che la certa

505.0 1031.0 1214.0 96.0 speranza della pace li habbino fatti uenire in

508.0 1098.0 1286.0 95.0 questa rissolutione: è uero che anco per altra causa

511.0 1156.0 1290.0 100.0 li potriano hauer licentiati. perche uolendo questi

508.0 1230.0 1284.0 101.0 esser pagati. et non ui essendo il modo da poterlo fare.

512.0 1298.0 1262.0 93.0 haño essi fatte tante insolentie. che i populi sono

514.0 1366.0 1228.0 93.0 ridotti in estrema disperatione. in modo che pareua

514.0 1427.0 1276.0 104.0 quasi. che da questo disordine potesse nascer qualche

512.0 1500.0 1262.0 90.0 gran inconueniente. però. a fine di manco male.

506 1558 1296 98 si potria credere che li hauessero per forza licentiati.

512.0 1626.0 1269.0 94.0 Nella trattatione della pace pare. che li Ugonoti hab-

522.0 1694.0 1290.0 96.0 bino messo inanci una nuoua difficoltà. della quale

516.0 1763.0 1292.0 96.0 sino a quest'hora non se n'è più parlato. la quale

520.0 1830.0 1259.0 90.0 è che dimandano a Sua Maestà le entrate delle

525.0 1894.0 1217.0 96.0 Piazze che le saraño concesse per sicurtà loro. et

522.0 1965.0 1271.0 98.0 d'auantaggio. che ella paghi de altri dinari le guar

522.0 2029.0 1272.0 91.0 die de' soldati. che essi ui teniuano ma d'altra parte

520.0 2094.0 1266.0 99.0 quelle della Rochiella si sono lassati intendere. che

527.0 2165.0 1266.0 90.0 se la Maestà Sua le uorrà concedere il pubblico esser

529.0 2231.0 1247.0 105.0 citio della falsa religione. et conseruarle i loro antichi

2076.0 222.0 1287.0 114.0 Priuileggi. che si contenterano di pagar alla Maestà Sua tutte

2079.0 305.0 1264.0 92.0 le ordinarie impositioni. anco del tempo corso. et riceuer un

2079.0 365.0 1253.0 101.0 gouernatore che le piacerà darli. pur che non sia Monsignor

2079 429 1264 98 di Birone.... questo possi hauer seco cento soldati.

2083.0 500.0 1260.0 91.0 Di più si accontenterano anco di raconciar alcuna di

2088.0 565.0 1248.0 97.0 quelle chiese che haño ruinato. doue possi nelłauenire

2082.0 636.0 1216.0 91.0 ogni uno che uorà andar alla messa. restituendo a

2088.0 694.0 1292.0 97.0 pretti le loro entrate però Sua Maestà ha espeditto un

2085.0 756.0 1267.0 100.0 gentil huomo a quella uolta per ueder di condur La-

2086.0 829.0 1285.0 90.0 nua in corte. et a questo fine le ha mandato amplissi-

2092.0 900.0 1269.0 88.0 mo saluo condotto. onde si spera. se questi non inga-

2089.0 965.0 1284.0 86.0 nano come si dubita. che con loro si potrà far la pace.

2096.0 1038.0 1257.0 77.0 la quale sebene non fosse così buona come conueni-

2093.0 1100.0 1250.0 90.0 rebbe saria però assai a proposito per metter fra loro

2089 1158 1286 98 discordia poi che senza partecipatione de głaltri ueni

2093.0 1250.0 610.0 68.0 riano questi alłaccordo.

2104 1283 1271 98 Delle cose di Linguad'oca. et Delfinato io so che

2094.0 1368.0 1269.0 77.0 la Serenità Uostra ne sarà stata molto bene. et assai

2097.0 1434.0 1245.0 88.0 presto auisata dal suo chiarissimo Ambasciator in

2093.0 1498.0 1285.0 85.0 Sauoia. però a me non occorrerà dirne altro se non

2092.0 1563.0 1288.0 82.0 che pare che le cose di Ribelli in quelle parti uadino

2097.0 1636.0 1252.0 77.0 prosperando et sebene si era detto che il Duca di

2092.0 1695.0 1310.0 81.0 Oses haueua rotto il Marescial Danuilla uerso Nimes.

2093.0 1768.0 1273.0 83.0 con perdita di molta gente. la noua però è riuscita o

2097.0 1836.0 1270.0 76.0 nulla. o pocca. ben si dice che nelle Terre tenute da

2099.0 1906.0 1274.0 75.0 lui egli di già habbi leuate tutte le Angarie. et impo-

2093.0 1980.0 1288.0 67.0 sitioni. che sono state messe da uinticinque anni in

2097.0 2043.0 1255.0 66.0 qua et ridotte anco le Decime del clero alla tassa

2100.0 2105.0 1305.0 71.0 uecchia de quei tempi. con che pare. che si uadi acqui

2103.0 2175.0 1303.0 84.0 stando generalmente łanimo di ogni uno. perche tutto

3402 202 39 85 11
