3687 2500
437 212 59 113 12

508.0 238.0 1272.0 81.0 questo Regno è uniuersalmente così offeso dalle tante

501.0 316.0 1235.0 65.0 impositioni che le sono state messe che non le può

502.0 383.0 1241.0 60.0 ne uuole più suportare. et la medesima Città di

504.0 443.0 1225.0 76.0 Pariggi tanto Cattolica et affettionata al suo Re

508.0 516.0 1284.0 68.0 quanto si è conosciuto nelli tempi passati: è di queste

502.0 583.0 1240.0 62.0 grauezze talmente exacerbata contra li Italiani che

500.0 652.0 1239.0 60.0 crede che siano stati inuentori di esse. che si dubbita

498.0 712.0 1280.0 71.0 un giorno qualche Uespro Siciliano contro di loro. tanto

500.0 784.0 1271.0 66.0 più che diuerse uolte in questi giorni un predicatore

498.0 854.0 1246.0 61.0 nella Città assai famoso. nel pulpito ha chiaramente

495.0 913.0 1237.0 67.0 detto che si debbano cacciar li Italiani di questo

494.0 980.0 1275.0 75.0 Regno. perche sono causa della sua ruina. dando ani-

495.0 1051.0 1256.0 65.0 mo a i populi di inuecchiar contra di loro. il che fu

498.0 1113.0 1280.0 73.0 riceuuto con tanto applauso. et allegrezza. che per mol-

493.0 1186.0 1281.0 64.0 ti giorni non si è parlato d'altro. Sua Maestà tut-

493.0 1251.0 1256.0 67.0 tauia procura di hauer danari da questa Città. alla

497.0 1311.0 1282.0 76.0 quale ha dimandato un millione. et ducento mille fran

493.0 1381.0 1250.0 74.0 chi. ma questi non la uogliono intendere. iscusandosi

493.0 1452.0 1272.0 70.0 con la loro pouertà. causata dal motto che in queste

490.0 1516.0 1281.0 71.0 guerre haño dato alla corona. in modo che più non

504.0 1583.0 1256.0 69.0 possono pure di crede che almeno le siano per dare

493.0 1645.0 1274.0 75.0 seicentomille franchi. Della liberatione de i Maresciali

493.0 1715.0 1250.0 69.0 di Momoransi. et Cosse più non se ne parla. anci

482.0 1780.0 1265.0 76.0 tuttauia questo populo continua con ogni solita dili-

490.0 1852.0 1267.0 73.0 gentia la guardia di quelli. et certo è gran mara-

487.0 1920.0 1287.0 75.0 uiglia uedere con quanta allegrezza. et sollecitudine.

489.0 1994.0 1255.0 65.0 senza esser cõmandati uadino ogni notte più di

487.0 2058.0 1250.0 64.0 sei cento huomini delle arti di questa Città a

490.0 2120.0 1217.0 73.0 far la guardia. stando al scoperto tutta la

486.0 2187.0 1190.0 83.0 notte al luoco. doue è tenuto Momoransi

2154.0 255.0 284.0 93.0 Gratie etc.

2160.0 326.0 929.0 99.0 Di Parigi a . XY . di Marzo . MDLXXU .

2336.0 465.0 952.0 89.0 Zuanfrancesco Moresini Ambasciator

2123 664 96 83 3ͣ

2231 730 623 82 Serenissimo Principe etc.

2482 850 881 91 Questi giorni è nato nella corte un

2093.0 937.0 1256.0 74.0 gran romor. causato per quel che si crede da Monsi-

2093.0 1005.0 1282.0 67.0 gnor fratello de Re per mala uolontà. che dimostra

2097.0 1070.0 1277.0 78.0 uerso la casa di Ghisa il qual) ha spinto il Duca di

2094.0 1137.0 1252.0 68.0 Monpensier a far cittar dinanzi il parlamento di

2099.0 1204.0 1280.0 76.0 Parigi il Duca di Ghisa. quello di Nemurs. et quel-

2096.0 1269.0 1288.0 68.0 lo di Niuers. per ueder a terminar. che loro. et le loro

2093.0 1341.0 1242.0 64.0 mogli debbano ceder il loco a lui. et a tutti i suoi

2100.0 1409.0 1266.0 68.0 figlioli. et figliole anco che siano maritate per esser

2100 1470 1268 77 figliole di Principe del sangue. )cosa che ha grande-

2096.0 1541.0 1261.0 64.0 mente spiacciuto al Re. poiche suo fratello ha ac-

2097.0 1605.0 1277.0 65.0 compagnato il sopraditto di Monpensier dinanzi a i

2103.0 1676.0 1270.0 61.0 presidenti del parlamento. et molto ben conosce łani-

2096.0 1738.0 1263.0 68.0 mo suo in questo fatto però è rissoluta Sua Maestà

2097.0 1806.0 1274.0 64.0 quando la cosa habbia da esser terminata dal parla-

2096.0 1868.0 1289.0 73.0 mento di uoler ella istessa accompagnar li sudeti Du-

2099.0 1940.0 1275.0 71.0 ci di Ghisa. di Nemurs. et Niuers dinanzi a i pre-

2100.0 2008.0 1253.0 71.0 sidẽti di quello per cotraoperar a questo: ha fatto il

2099.0 2073.0 1275.0 70.0 Duca suo fratello per il Duca di Mompendier in modo.

2097.0 2137.0 1274.0 69.0 che si uede come continua tuttauia la mala intelligetia

2100.0 2202.0 1286.0 86.0 fra questi Principi nella sopraditta occazione. si è sco-

3372 250 81 77 13

3376 866 112 96 )cifra

3391 1475 112 79 )cifra
