3687 2500
418 314 61 81 14

493 272 1255 111 perto che il Re di Nauara tiene con la casa di Ghi-

475.0 377.0 1276.0 71.0 sa. cõ la qual si ua ogni giorno più stringendo in

482.0 416.0 1280.0 97.0 amicitia alienandosi da quella di Monsignor fratello

487.0 488.0 1200.0 87.0 del Re se bene sua moglie fa tutto il contrario.

489.0 556.0 1205.0 85.0 La Serenissima Regina madre mostra di sentir

490.0 620.0 1279.0 96.0 molta passione di questa gara. et diszenzione di mol-

489.0 693.0 1254.0 79.0 ta consideratione a questi tempi. Ma nõ ui può ri-

493.0 750.0 1269.0 90.0 mediare. ella ancor sta con molto ramarico. perche uede

490.0 816.0 1245.0 97.0 maluolentieri presso del Re il Marescial di Bella

489.0 890.0 1222.0 94.0 Garda. onde procura quato può di tenirlo lotano

501.0 952.0 1264.0 93.0 però hauera proposto che si douesse mandare in Polo-

495.0 1013.0 1267.0 102.0 nia per Ambasciator o Uice Re affine di leuarselo

497.0 1083.0 1274.0 94.0 dinanzi) ma egli non si uolendo partire la Sua Ma-

504.0 1154.0 1254.0 90.0 està ha saputo così ben negotiare. che ha fatto credere

504.0 1223.0 1251.0 90.0 che non sia bene mandar lui. ma persona di mag-

505.0 1283.0 1284.0 93.0 gior portata come saria un principe onde Sua Mae

509.0 1351.0 1267.0 96.0 stà è rissoluta di mandar il Marchese dal Buf. dan-

512.0 1422.0 1267.0 96.0 dole per compagno qualched' uno di questi uecchi con-

509.0 1494.0 1263.0 93.0 siglieri di stato. Di Fiandra gionse hieri sera un cor-

519.0 1551.0 1277.0 96.0 riero che ua con molta diligentia in Spagna. et a boc-

516.0 1623.0 1259.0 85.0 ca ha detto. che la trattiatione delłaccordo è molto uicina

519.0 1687.0 1261.0 99.0 al fine. et che in Anuersa. ogn'uno crede che la debba

518.0 1755.0 1268.0 95.0 seguire. stando tuttauia insieme li deputati sopra que-

527.0 1825.0 1213.0 100.0 sto negotio. li quali mandano ogni giorno auisi di

527.0 1904.0 733.0 73.0 buona speranza. Gratie etc.

564.0 1955.0 880.0 103.0 Di Parigi a  . XY . di Marzo . MDLXXU .

826.0 2087.0 861.0 106.0 Zanfrancesco Moresini Ambasciator

2067.0 294.0 127.0 72.0 Prima

2285 344 497 83 Serenissimo Principe etc:

2200 464 1130 92 Dominica passata hebbi audientia dalla Serenissima

2057.0 547.0 1249.0 84.0 Regina madre. con la quale andai a condolermi della

2061.0 620.0 1263.0 81.0 morte di Madama di Lorena sua figliola. facendola

2051.0 686.0 1258.0 77.0 certa del molto dispiacere che sentiua la Serenità Uostra

2056.0 751.0 1248.0 82.0 di questa perdita. a che mi fu risposto da Sua Maestà

2053.0 823.0 1274.0 71.0 con molta humanità. dicendo quanto grande doueua esse

2057.0 894.0 1272.0 61.0 re il suo dolore. poi che in manco di uno anno si ritro

2054.0 956.0 1267.0 70.0 uaua hauer perso le tre più care cose che hauesse a que-

2054.0 1020.0 1281.0 74.0 sto mondo: prima il Re Carlo suo figliolo poco di poi

2053.0 1090.0 1243.0 68.0 Madama di Sauoia sua cognata et ultimamente

2056.0 1155.0 1298.0 76.0 quest'altra sua figliola. amata da lei per le sue degne

2056.0 1226.0 1254.0 69.0 qualità come la propria anima. et disse. che conosceua

2056.0 1291.0 1275.0 67.0 molto bene di hauer riceuute dal signor Dio grandis-

2054.0 1359.0 1281.0 64.0 sime gratie. et fauori. hauendola posta in tanta gran-

2053.0 1425.0 1253.0 59.0 dez̃a. che non conueniua alla sua conditione. ma

2058.0 1493.0 1269.0 63.0 d'altra parte li haueua dati anco tanti trauagli.

2054.0 1558.0 1259.0 64.0 che poteua ben imparare a non se insuperbire. pero

2054.0 1623.0 1255.0 63.0 che di tutto ne ringratiaua Sua Diuina Maestà et

2058.0 1691.0 1285.0 71.0 grandemente la pregaua a farle almeno questa gratia.

2057.0 1756.0 1284.0 66.0 che quei figli che le restano nõ uengano a mancare in-

2049.0 1826.0 1282.0 62.0 nanci di lei. io dissi che così ogni uno doueua pregare.

2051.0 1886.0 1285.0 72.0 con questo di più. che la uita della Maestà Sua fosse lon-

2056.0 1952.0 1264.0 74.0 ghissima. Di poi feci seco quelli officii in proposito

2056.0 2020.0 1282.0 67.0 di Monsignor di Ax che mi sono com̃essi dalla Se-

2058.0 2081.0 1270.0 74.0 renità Uostra. et ne hebbi grattissima risposta. mo-

2061.0 2145.0 1302.0 75.0 strando la Maestà Sua d' intender con piacere quello

2054.0 2213.0 1289.0 81.0 che io le diceuo. et disse che li Ambasciatori suoi in

3346.0 247.0 45.0 96.0 15
