3698 2500
489 283 50 104 16

558 287 1285 67 Costantinopoli hanno havuto et haveraño sempre or=

548.0 387.0 1296.0 36.0 dine di procurar tanto il servitio di quella Repubblica

545.0 426.0 1315.0 65.0 come il medesimo di questo Regno, di poi con molta

547.0 490.0 1272.0 72.0 humanità, et maggior domestichez̃a dell’ordinario

548.0 563.0 1291.0 57.0 mi dimandò se havevo inteso alcuna cosa delle qua=

551.0 627.0 1260.0 67.0 lita di questo novo Turco, dicendomi che da Vinetia

552.0 701.0 1284.0 64.0 ella ne haveva havuto un ritratto, dal quale le pare=

554.0 766.0 1269.0 68.0 va di comprendere, che doveva esser huomo prudente

557.0 834.0 1253.0 68.0 et giudicioso, disse poi che pur si diceva che anco

557.0 900.0 1278.0 65.0 quest’anno uscirebbe armato, ma non così grande, che

554.0 966.0 1281.0 70.0 potesse tentar impresa d’importantia: Io vedendo la

551.0 1031.0 1261.0 67.0 Maestà Sua rag̃ionar assai volontieri et con molta

551.0 1100.0 1299.0 63.0 humanita; le dimandai se era vero quello, che si diceva

555.0 1169.0 1260.0 62.0 del Principe di Condè, che havesse ritrovato denari,

555.0 1234.0 1268.0 68.0 et rolati soldati per venir in questo Regno, overo se

555.0 1295.0 1295.0 73.0 io havessi potuto dar qualche buona nova alla Serenità

554.0 1365.0 1283.0 73.0 Vostra della pace, perche sapevo certo che quella Serenissi=

552.0 1431.0 1298.0 71.0 ma Repubblica non potria intender cosa, che le fusse più

555.0 1502.0 1303.0 66.0 cara, che la pace et tranquilità di questa corona, di quella

559.0 1568.0 1258.0 73.0 maniera pero che convenisse all’honor del signor Dio, et

564.0 1636.0 1283.0 68.0 alla grandezza et beneficio di Sua Maestà Christianissima.

557.0 1701.0 1255.0 71.0 Mi disse la Serenissima Regina che si dicevano gran cose

561.0 1776.0 1239.0 60.0 delli apparati del Principe di Conde, ma tutto non era

562.0 1836.0 1295.0 73.0 vero, come si raggionava, che ben credeva chel potesse haver

557.0 1909.0 1251.0 67.0 delle genti, poi che havevano ritrovati denari, essendo a

565.0 1975.0 1264.0 65.0 quest’hora in mano loro la maggior parte dei sali

562.0 2036.0 1303.0 72.0 di questo Regno, tenendo la Rochiella; et acqua morta,

562.0 2113.0 1243.0 59.0 dei quai sali era facil cosa trovar denari, ma con

559.0 2173.0 1292.0 64.0 tutto questo disse, che si aspettano qui li deputati del

565.0 2234.0 1311.0 88.0 li Hugonotti per li . XXV . di questo mese, et che hanno

2083.0 262.0 1285.0 100.0 scritto di venir così ben disposti, che se neli fatti saraño

2076.0 350.0 1299.0 93.0 conformi alle parolle vuol sperare, che possi seguir qual

2076.0 416.0 1230.0 79.0 che bene, in che ella non e per mancare poi che vede

2082.0 479.0 1283.0 77.0 chiaramente che l’honor di Dio, che e la conservatione

2076.0 544.0 1295.0 89.0 della Religione Catholica, et il bene del Re suo figliolo

2078.0 619.0 1296.0 83.0 et di questo Regno con la guerra va sempre perdendo, dove

2072.0 686.0 1287.0 79.0 con la pace si può sperare almeno di non lassar andar

2078.0 751.0 1297.0 78.0 il male più oltre, et che saria bene venir qui a qualche

2082.0 815.0 1240.0 79.0 rissolutione prima che seguisse accordo in Fiandra,

2080.0 893.0 1254.0 68.0 il quale ella credeva che fusse molto vicino, se bene

2076.0 956.0 1266.0 73.0 qui si dice tutto il contrario, per che ci sono lettere

2075.0 1016.0 1272.0 70.0 di Anversa, che dicono li deputati dell’una et l’al=

2075.0 1093.0 1247.0 66.0 tra parte esser separati con desperatione di pace.

2090.0 1152.0 1262.0 74.0 Di poi disse Sua Maestà che ringratiava la Serenità

2086.0 1220.0 1266.0 74.0 Vostra della sua buona volontà verso questo Regno,

2079.0 1290.0 1243.0 66.0 la quale quando in altro non fosse conosciuta, si

2074.0 1358.0 1260.0 67.0 come e, basterà quello che io le dicevo del desiderio,

2072.0 1420.0 1274.0 73.0 che ella ha di veder pace in questo Regno, per far=

2071.0 1493.0 1263.0 66.0 le credere che la sua amicitia sij veramente buona

2076 1556 1013 64 et sincera. Io le dissi che la Serenità

2076.0 1625.0 1295.0 65.0 haveva provato il travaglio della guerra, non poteva

2076.0 1695.0 1266.0 61.0 se non desiderar alla Maestà Sua per l’affettione,

2076.0 1761.0 1277.0 64.0 et osservantia che le porta quello, che haveva procu=

2074.0 1826.0 1273.0 65.0 rato per se stessa, che e la pace, nelli qual raggio

2072.0 1893.0 1237.0 62.0 namenti havendomi tratenuto assai longamente,

2074.0 1952.0 1275.0 73.0 et più di quello che io volevo dubitando di mole=

2069.0 2022.0 516.0 64.0 stiarla mi licentiai.

2092.0 2087.0 1269.0 68.0 Di questa pace qui nell’universale se ne spera poco,

2068.0 2156.0 1297.0 71.0 dicendosi che nella congregatione fatta dalli Hugonotti

2074.0 2223.0 1254.0 75.0 per rissolver quello che haño da dimandar a Sua

3387 268 69 96 17
