3704 2500
514 281 44 71 18

571 272 1269 92 Maestà. la maggior parte era di opinione di proseguir

550.0 370.0 1308.0 49.0 la causa loro con le armi. dicendo che con qual si uoglia

547.0 423.0 1302.0 68.0 sorte di conditione. che facino pace. staraño sempre

557.0 495.0 1278.0 64.0 peggio. ne haueraño manco nouita. che non hanno

557.0 562.0 1279.0 57.0 al presente. ma il desiderio di liberare il Marescial

558.0 633.0 1282.0 60.0 di Momoransi li ha condotti a formar una modu-

559.0 700.0 1248.0 62.0 la di capitoli. la copia dei quali e stata mandata

558.0 766.0 1298.0 56.0 secretamente al Re. ne ancora si e potuto sapere quel

564.0 833.0 1279.0 65.0 lo che contenga. ben si e detto che Sua Maestà legendo-

562.0 901.0 1280.0 57.0 la si accendesse di grandissima colera. La speran-

561.0 968.0 1243.0 54.0 za anco che si haueua di potersi accomodare con

561.0 1033.0 1282.0 60.0 quelli della Rochiella e riuscita uana. hauendo ricu

559.0 1102.0 1280.0 56.0 sato la Sua di uenir in corte. et anco di trattar piu

568.0 1169.0 1275.0 56.0 oltre di pace sino a tanto che non si intende anco

568.0 1237.0 882.0 57.0 la uolunta dei altri loro adherenti.

558.0 1301.0 1285.0 58.0 Ho inteso per cosa certa che a Monsignor della sciatra

571.0 1370.0 1290.0 56.0 mandati in Inghilterra e stato dato ordine di metter

572.0 1436.0 1278.0 62.0 qualche parolla innanzi con quella Regina del ma-

572.0 1498.0 1268.0 68.0 trimonio suo con Monsignor il Duca di Alansone. il

572.0 1569.0 1270.0 68.0 che ua bene e difficile da credere per molte cause molto

572.0 1634.0 1278.0 63.0 ben note alla prudentia della Serenità Uostra non mi e

584.0 1706.0 1259.0 60.0 parso peso douer mancar di arriuarla hauendomelo

576.0 1773.0 1244.0 75.0 detto il medesimo Ambasciator di Inghilterra qui

583.0 1837.0 543.0 72.0 residente. Gratie etc.

629.0 1898.0 896.0 85.0 Di Parigi A . XXIIY . di Marzo . MDLXXU.

861.0 2036.0 964.0 86.0 Zanfrancesco Morosini Ambasciator

2109 327 115 33 2ͣ

2300 354 562 75 Serenissimo Principe etc

2375.0 476.0 1003.0 76.0 E gionto in questa corte un gentil huomo

2088.0 550.0 1235.0 73.0 delłImperatore uenuto alla Serenissima Regina sua

2099.0 620.0 1268.0 68.0 figliola si dice per accompagnarla al padre. il quale

2090.0 690.0 1269.0 68.0 rifferisce hauer nel suo passaggio per Germania. ueduto

2088.0 748.0 1271.0 70.0 il Principe di Conde. che haueua in ordine otto mille

2093.0 820.0 1269.0 67.0 Raitri. et buon numero di gente a piedi. per condur in

2089.0 888.0 1248.0 68.0 questo Regno. et che li denari per pagarli erano in

2089.0 956.0 1269.0 63.0 Franchfort. in modo che pensaua fermamente che al

2097.0 1025.0 1266.0 61.0 principio del mese futturo potessero esser incaminati

2089.0 1094.0 1273.0 56.0 a questa uolta. Il medesimo uiene confermato anco da

2097.0 1155.0 1294.0 61.0 altri in modo che quiui si sta in molto timore. tanto

2093.0 1223.0 1258.0 65.0 più che con queste trattationi di pace pare che non

2092.0 1287.0 1291.0 64.0 si attendi molto alle prouisioni della guerra. o almeno

2092.0 1352.0 1263.0 67.0 con manco diligentia di quello che ricercaria il bisogno:

2089.0 1425.0 1275.0 62.0 si dice bene che il Duca di Ghisa uno di questi giorni

2100.0 1488.0 1238.0 73.0 partirà per il suo gouerno di Sciampagna. a fine

2088.0 1554.0 1297.0 64.0 di metter gente insieme et con quella andar alle frontiere

2096.0 1618.0 1266.0 73.0 per impedir łingresso del Regno a queste genti. ma

2092.0 1681.0 1263.0 71.0 forse che prima che parti uorà uedere con la uenuta

2085.0 1750.0 1303.0 75.0 di questi deputati che si aspettano che camino prenderà

2092 1816 1293 81 il negotio della pace )è uero che alcuni credono che egli

2089.0 1886.0 1242.0 66.0 tardi anco per altro negocio. che è questo: pare che con

2088.0 1950.0 1276.0 80.0 molte promesse li Ambasciatori del signor Duca di Fer-

2088.0 2019.0 1257.0 82.0 rara habbiano persuaso a questo signore di pigliar la

2097.0 2084.0 1276.0 75.0 protettione del Zio per le cose di Polonia. dimostrando-

2093.0 2147.0 1281.0 87.0 le che non hauendo quel signor Duca figlioli. et essen-

2096.0 2215.0 1270.0 87.0 do quasi fuori di speranza di poterne hauer. nõ do-

3380 289 59 81 19

3403 1829 91 69 cifra
