3694 2500
456 270 52 80 20

547 279 1226 71 vera instituir altro che lei per suo herede, chel’ è fi=

525.0 375.0 1279.0 40.0 gliolo di sua sorella, che però doverà esser certo, che ri=

525.0 415.0 1268.0 65.0 uscendo sua eccelentia Re di Polonia procuraria di

527.0 483.0 1260.0 71.0 farle haver tanta parte in quel Regno, che di poi la

525.0 551.0 1269.0 68.0 sua morte poteva sperar di essere eletto lui in qual lo=

525.0 616.0 1254.0 68.0 co, et perche queste sono speranze assai lontane, per

527.0 687.0 1279.0 64.0 meglio accenderlo li hano messo innanzi, che al pre

526.0 750.0 1271.0 65.0 sente il signor Duca suddetto lo aiutarà a sollevarsi,

526.0 818.0 1259.0 68.0 da i molti debiti, che ha li quali sono pocho meno

529.0 893.0 1250.0 58.0 di un Milione d’oro, da che mosso questo signor si

526.0 956.0 1264.0 64.0 affatica assai di operare quato può in favore di sua

526.0 1022.0 1275.0 65.0 eccelentia et si crede, che per officij fatti da lui il Mar

527.0 1086.0 1245.0 69.0 chese dal Buf suo cugino si sei contentato di andar

532.0 1154.0 1278.0 65.0 in Polonia per Ambasciator di Sua Christianissima

525.0 1220.0 1299.0 73.0 Maestà pensando, che sei molto a proposito per il signor

534.0 1281.0 1238.0 64.0 Duca di Ferrara, che in quel loco vi sei un suo confi=

530.0 1351.0 1271.0 65.0 dente, la qual cosa è stata scoperta dal Mareschial di

532.0 1420.0 1293.0 64.0 Bella garda, che vedendo li sui favori andarsi sceman

530.0 1481.0 1257.0 71.0 do è rissoluto d’andar lui in Polonia, se il Re vorà

533.0 1551.0 1260.0 69.0 mandarlo al che tanto più si ha innanimato, quato,

533.0 1623.0 1285.0 52.0 che vede le cose della guerra innanzi, con le quali ha

533.0 1687.0 1242.0 69.0 di perder affatto la gratia del Re et di tutta la corte,

540.0 1758.0 1207.0 64.0 perche egli per la stretta amicitia, che tiene con la

536.0 1822.0 1271.0 65.0 casa di Momoransi, è rissolutissimo di nõ far alcu

539.0 1890.0 1228.0 61.0 na cosa contra di loro, se ben havano a principali,

539.0 1956.0 1275.0 71.0 contra de quali haverà da far la guerra, nõ seguen

541.0 2029.0 1274.0 65.0 do la pace; però ha fatto quãto ha potuto, et tuttavia

544.0 2094.0 1228.0 62.0 fa per metter in sospetto al Re il sudetto Marchese

540.0 2156.0 1247.0 70.0 dal Buf, ma si dubita che nõ habbia a far frutto,

545.0 2226.0 1249.0 79.0 et che egli finalmente, se haverà da andare in Polo

2067.0 250.0 1268.0 111.0 nia convenirà andar sotto di lui, si come hora mi

2064.0 329.0 1243.0 96.0 vien affermato haver rissoluto Sua Maestà con la

2074.0 393.0 1242.0 101.0 Serenissima Regina Madre ] Delle cose del si=

2068.0 450.0 1259.0 113.0 gnor Duca di Ferrara per conto del Regno di Polo=

2069.0 531.0 1267.0 96.0 nia questi Polachi che sono qui dano gran parte

2074.0 597.0 1278.0 97.0 a Sua Eccelentia; et pare che la cosa che prima si te

2075.0 669.0 1285.0 90.0 neva come per burla si vadi molto riscaldando per

2079.0 730.0 1234.0 96.0 quanto loro dicono, poi che tengono per cosa a fatto

2079.0 797.0 1271.0 97.0 impossibile che questo Re si conservi quel Regno non

2082.0 866.0 1254.0 89.0 mandando denari per pagar la militia, et li corte=

2081.0 936.0 1301.0 91.0 giani, et per supplire alle promesse che ha fatto prima

2078.0 1002.0 1299.0 84.0 che fosse eletto alla corona et qui in corte si ritrovano mol

2085.0 1065.0 1279.0 85.0 ti di questi Polachi, che altro non dimandano che di

2088.0 1138.0 1258.0 82.0 nari, li quali non si possono trovare per la gran

2088.0 1202.0 1261.0 82.0 stretezza, et si può dir povertà di questa Maestà, in

2092.0 1263.0 1283.0 87.0 modo che tutti convengono partirsi mal contenti senza

2092.0 1350.0 355.0 66.0 un quattrino.

2108.0 1404.0 1241.0 76.0 Li Ambasciatori di Ferrara che sono qui dimandano

2096.0 1470.0 1272.0 74.0 a Sua Maestà forse un millione, et mezo d’oro per le

2093.0 1529.0 1291.0 91.0 spese che il Duca Ercole fece nella guerra al tempo di

2089.0 1605.0 1291.0 71.0 Paulo quarto, le quali Francesi pretendono non do

2097.0 1672.0 1285.0 78.0 ver pagare, et fano anco instantia d’altri danari

2103.0 1738.0 1272.0 74.0 prestati, mettendo a tutti l’uso sopra il capitale, et

2103.0 1808.0 1250.0 65.0 per mostrar modestia dicono che non dimandano

2101.0 1872.0 1272.0 66.0 al presente il denaro, sapendo che Sua Maestà si ri=

2103.0 1936.0 1274.0 69.0 trova in bisogno, ma conferma del debbito, per haver

2106.0 2011.0 1278.0 69.0 poi qualche assignatione di poterla un giorno havere,

2107.0 2075.0 1284.0 63.0 et d’altra parte procurano di farsi intendere, che vo=

2104.0 2134.0 1256.0 72.0 lendo la Maestà Sua favorir il Duca al Regno di

2108.0 2206.0 1269.0 69.0 Polonia che cederà a tutti i suoi crediti, et potrà anco

3354 245 73 77 21
