3691 2500
577 293 46 71 22

623 304 1246 62 dar qualche di denari a Sua Maestà in conclusione non

632.0 355.0 1243.0 72.0 mancano di tentar le uie che possono. in che pare che il

627.0 423.0 1308.0 64.0 cardinale di Este fratello di Sua Eccelentia non s'intro metti

633.0 493.0 1288.0 68.0 ne poco. ne molto. et per non offendere queste Maestà. et forse

632.0 565.0 1247.0 65.0 anco per qualche mala satisfattione che ha del fratello.

632.0 625.0 1300.0 79.0 Questi giorni la Serenissima Regina sposa è stata alquan-

633.0 694.0 1282.0 67.0 to retirata. et tuttauia continua. il che ha fatto credere che ui

634.0 763.0 1258.0 74.0 fosse qualche speranza di grauedanza. ma io ho inteso.

630.0 829.0 1282.0 73.0 che la causa di questo è una mala contentezza che ha preso.

632.0 897.0 1297.0 80.0 poiche già quattro. o sei giorni furono fatti preparar cochii.

632.0 965.0 1255.0 66.0 et caualli nelle quali senza hauer prima detto alcuna

630.0 1027.0 1248.0 70.0 cosa fecero entrare tutte le donne che erano uenute di

639.0 1093.0 1257.0 80.0 Loreno con essa Regina. et le fecero tutte ritornare alle

634.0 1166.0 1289.0 72.0 case loro. senza lassargliene pur una. con tutto che ella ne

636.0 1236.0 1283.0 70.0 facesse grandissima instanza. et spendesse molti preghi.

633.0 1301.0 1264.0 69.0 et lacrime per esser satisfatta di qualcheduna. la conso-

637.0 1363.0 1266.0 77.0 lorno con dire che questo è łuso ordinario delle Regi-

632.0 1430.0 1285.0 76.0 ne. che così hauera fatto il Re di Spagna con la sorella

637.0 1500.0 1260.0 65.0 di Sua Maestà Christianissima: et il medesimo haueua

641.0 1566.0 1264.0 77.0 fatto il Re Carlo con questa figliola delłImperatore.

637.0 1634.0 1284.0 71.0 che conueniua che ella non hauesse appresso di se non

640.0 1700.0 1239.0 79.0 quelle Dame che fossero di satisfattione del Re. suo

632.0 1768.0 1279.0 75.0 marito. ma con tutto questo la pouera Regina non si

640.0 1837.0 1279.0 74.0 può consolare. è ben uero che potriano tutte due queste

637.0 1906.0 1289.0 59.0 cause del suo retiramento esser uere. ciò e la grauidan

636.0 1972.0 1287.0 71.0 za. et il dolore di esser priuata delle sue dame. però

639.0 2038.0 1294.0 75.0 ancor della prima se ne raggiona assai per la corte an

637.0 2104.0 1293.0 66.0 ci questa mattina essendole uenuto fastidio mentre che

637.0 2177.0 1278.0 57.0 disnaua. haño li medici chiaramente detto che la ten-

637.0 2234.0 1288.0 92.0 gono per grauida. Il Serenissimo Re continua tuttauia

2158.0 273.0 1287.0 96.0 łandar fuori alla caccia del ceruo. et ben spesso a cor

2155.0 351.0 1240.0 83.0 rer la lancia alłanello. nei quali essercitii )non è

2161.0 420.0 1279.0 80.0 mai seguito dal Duca suo fratello con nota uni-

2157.0 483.0 1281.0 78.0 uersale di tutta la corte. et si ua ogni hora più sco-

2161.0 556.0 1250.0 75.0 prendo la sua pocha sodisfattione). Sono gionti

2157.0 620.0 1271.0 78.0 qui doi Ambasciatori della Repubblica di Luca. ue-

2157.0 691.0 1290.0 75.0 nuti a rallegrarsi con questa Maestà della successione

2155.0 752.0 1274.0 81.0 al Regno et del matrimonio suo. et di già haño ha-

2154.0 819.0 1281.0 81.0 uuto audientia. Si ua dicendo per la corte che la Regi-

2160.0 887.0 1037.0 76.0 na di Nauaro sia grauida. Gratie etc.

2194.0 954.0 1048.0 86.0 Di Pariggi li . xxiiii di Marzo . MDLXXU.

2456.0 1076.0 919.0 87.0 Zuanfrancesco Moresini Ambasciator

2199.0 1281.0 202.0 80.0 Replicate

2301 1352 509 77 Serenissimo Principe etc

2494.0 1487.0 921.0 72.0 Queste mie seruiranno per accompagnar

2161.0 1551.0 1293.0 71.0 le replicate delle ultime che ho scritto alla Serenità Uostra

2151.0 1625.0 1278.0 72.0 a . xxiiii . del presente. et per aggiungere di più. che li De

2151.0 1695.0 1273.0 57.0 putati delli Hugonotti. che doueuano uenir persino łaltro

2151.0 1761.0 1276.0 64.0 hieri in questa Città. per la trattatione della pace. non

2155.0 1830.0 1279.0 61.0 sono ancora comparsi. et si crede che anco quando uenis

2150.0 1888.0 1286.0 68.0 sero. se non declinano assai dalle dimande. che si sono in-

2154.0 1956.0 1277.0 73.0 tese. che hanno da fare. che potrebono restar di uenire. per-

2154.0 2025.0 1277.0 62.0 che se ne ritornano senza alcuna resolutione. essendo-

2155.0 2091.0 1265.0 60.0 mi stato detto da persona di molta authorità. et che lo

2157.0 2152.0 1277.0 71.0 può molto ben sapere. che le loro dimande sono disho-

2161.0 2220.0 1267.0 80.0 nestissime et di questa sostanza. Prima che circa le

3463 254 44 91 23
