3708 2500
306 243 52 73 4

380.0 270.0 1255.0 84.0 che la loro nave da questo Re presente quando egli si

382.0 365.0 1262.0 50.0 ritirò con l’essercito sotto la Rochiella per servitio...

388.0 418.0 1294.0 66.0 ...fu da egli medesimo fatta afondare nella bocca del

387.0 484.0 1292.0 56.0 porto, per impedire che non potessero andar alla terra

379.0 551.0 1281.0 65.0 vasselli con vettovaglie, il che mi ha datto assai campo

386.0 625.0 1246.0 65.0 per verificar le raggioni di questi poveri huomini,

384.0 691.0 1267.0 63.0 però anco in quest’altra nave saria necessario sa=

377.0 755.0 1280.0 67.0 per dove ella sia, et quello che di essa sii stato fatto,

379.0 825.0 1257.0 62.0 per parlar con fondamento alle loro Maestà, però

373.0 893.0 1284.0 66.0 io starò aspettando di esserne informato, per esse=

373 945 1175 73 quire quanto che la mi cõmette. Gratie etc.

416.0 1019.0 1033.0 71.0 Di Parigi il primo di Marzo MDLXXV.

723.0 1156.0 953.0 78.0 Zuanfrancesco Moresini Ambasciator.

406 1420 169 80 prima

641 1450 642 114 Serenissimo Principe etc.

560 1589 1088 102 Le ultime mie scritte alla Serenità Vostra

359.0 1691.0 1273.0 68.0 furono le prime del mese presente la replicata delle

355.0 1761.0 1263.0 65.0 quali sarà con queste. Di poi con buona occasione

348.0 1826.0 1302.0 75.0 ho presentate le sue lettere a questi signori di Guisa,

352.0 1894.0 1283.0 68.0 accompagnandole con quei officij che mi sono comessi

352.0 1961.0 1276.0 66.0 dalla Serenità Vostra; et le posso affirmare che con

347.0 2022.0 1285.0 69.0 dimostratione di grandissimo contento l’haño ricevute;

344.0 2093.0 1289.0 69.0 pregandomi assai a far certa la Serenità Vostra che in

343.0 2161.0 1244.0 64.0 tutti i tempi ella troverà così buona dispositione in

343.0 2230.0 1300.0 82.0 loro per servirla, che conoscerà non esser mal impiegata

2095.0 269.0 1296.0 100.0 quell’affettione che le demostra, et che procurerano sem

2099.0 341.0 1293.0 96.0 pre di superar più tosto che di aguagliar i suoi mag

2093.0 415.0 1259.0 79.0 giori in desiderio di spender la vita, et la robba in

2093.0 479.0 1266.0 77.0 servitio di quella Serenissima Repubblica ma in

2096.0 545.0 1293.0 82.0 particolare il Duca d’Umena mi disse, che erano

2089.0 619.0 1274.0 87.0 tanto grandi gl’obblighi suoi verso di lei, che non

2099.0 686.0 1265.0 76.0 desiderava alcuna cosa più, che di haver occasione

2099.0 748.0 1286.0 88.0 di far certa la Serenità Vostra che egli conosce molto

2101.0 819.0 1288.0 78.0 bene, et tiene viva la memoria de i tanti favori, et

2096.0 884.0 1253.0 74.0 honori che ha ricevuto da lei; Mi dolsi anco con

2101.0 950.0 1298.0 81.0 quei signori della morte di Madama di Loreno,

2101.0 1020.0 1291.0 81.0 perche loro ne dimostrano grandissimi segni di do=

2101.0 1087.0 1273.0 83.0 lore. L’officio di condoglianza per la perdita di

2114.0 1159.0 1274.0 70.0 questa Principessa non è ancora stato fatto da

2103.0 1223.0 1278.0 74.0 alcuno con la Serenissima Regina madre perche

2104.0 1295.0 1248.0 61.0 ella sin’ hora non ha voluto per tal causa dar

2103.0 1361.0 1307.0 68.0 audientia ad alcuno Ambasciatore non si potendo

2104.0 1429.0 1295.0 65.0 astener.... quando sente raccordar questa sua

2106.0 1491.0 1281.0 74.0 figliola che era molto amata da lei. Sua Maestà è

2103.0 1562.0 1284.0 64.0 stata alcuni giorni nel letto per qualche poco d’in=

2106.0 1629.0 1281.0 62.0 disposizione emoroidale, ma hora sta bene, et va fuori

2106.0 1702.0 1067.0 63.0 di casa alla messa quasi ogni mattina.

2110.0 1756.0 1289.0 74.0 Con il Serenissimo Re, et con la Regina Sposa lu=

2108.0 1830.0 1280.0 71.0 nedì passato io feci quell’officio, che con le precedenti

2106.0 1900.0 1260.0 59.0 mie scrissi alla Serenissima Vostra dover fare, si come

2108.0 1963.0 1252.0 63.0 fecero tutti li Ambasciatori et con tal occasione dissi

2108.0 2027.0 1274.0 66.0 anco alla Maestà Sua quello, che Vostra Serenità mi

2111.0 2101.0 1310.0 60.0 comette con le sue de. xxj. et . xxij . di Genaro passato

2110.0 2168.0 1295.0 55.0 doverle dire, così in proposito di Monsignor di Ax; co=

2113.0 2234.0 1281.0 71.0 me anco delle nuove da Costantinopoli, iscusando la

3407 256 46 58 5
