3704 2500
439 256 48 64 6

489.0 269.0 1286.0 87.0 tardità della comunicazione con le cause dittemi dalla

489.0 376.0 1258.0 47.0 Serenità Uostra nelle sue di 4 del mese passato. alle

494.0 431.0 1276.0 62.0 qual tutte cose mi fu risposto dalla Maestà Sua con

500.0 493.0 1265.0 61.0 le solite parole di complimento. Il dolore della morte

497.0 562.0 1264.0 64.0 della Duchessa di Loreno è stato grandissimo per

500.0 636.0 1240.0 65.0 molti rispetti. ma il principale per il gran risenti

495.0 700.0 1250.0 61.0 mento che ne ha dimostarto la Serenissima Regina

495.0 772.0 1283.0 53.0 madre. che certo in lei è stato assai estraordinario. per

500.0 829.0 1256.0 68.0 la qual causa la Maestà il Re per leuarsi dai con-

497.0 906.0 1264.0 50.0 tinui lamenti. et dolori così della madre. come della

500.0 975.0 1254.0 62.0 moglie. che accresceuano assai la propria afflittione

495.0 1037.0 1288.0 60.0 sua è andato questi giorni alla caccia del ceruo nelli

494.0 1098.0 1289.0 64.0 boschi Madril. et boscho di Uincena. piacere per ordi-

497.0 1168.0 1246.0 66.0 nario così poco grato alla Maestà Sua che ha fatto

497.0 1240.0 1288.0 60.0 marauigliar molti. in modo che si è sospettato che ella

501.0 1306.0 1239.0 57.0 più tosto ui potesse esser andata per aboccarsi con

500.0 1372.0 1240.0 64.0 qualched'uno di questi Ugonotti. che non uogliono

497.0 1440.0 1271.0 64.0 assicurarsi di uenir in Pariggi. che per goder il piace-

497.0 1505.0 1284.0 60.0 re che a lei non da alcun gusto ma di ciò non si può dub-

495.0 1572.0 1287.0 65.0 bitare. poi che seco non è andata la Serenissima Regina

494.0 1641.0 1264.0 53.0 madre nè meno altra persona. con la quale potesse la

491.0 1704.0 1294.0 69.0 Maestà Sua trattar negotii d'importantia. Hora il dolore.

494.0 1781.0 1298.0 56.0 secondo łuso del paese non solamente pare assai miticato.

495.0 1843.0 1288.0 58.0 ma quasi in tutto spento. in modo che persino Dominica

495.0 1909.0 1293.0 54.0 passata incominciarono in corte a ritornar a i soliti suoni

495.0 1977.0 1266.0 56.0 balli. et loro recreationi ordinarie. a i quali però non si

498.0 2041.0 1220.0 64.0 è ancor ritrouata presente la Serenissima Regina madre

495.0 2106.0 1254.0 57.0 ma ben la Sposa. quella di Nauarra. et tutti i Principi.

497.0 2172.0 1275.0 64.0 et Principesse di corte. come se fossero passati li anni. non

494.0 2237.0 1112.0 81.0 che i mesi dipoi la morte di questa Principessa.

2094 225 1228 108 L'altr'hieri il Nontio di Sua Santità presentò al Re

2072.0 300.0 1256.0 109.0 la dispensa del Papa di poter pigliar per moglie questa

2067.0 377.0 1304.0 89.0 che ha preso. cosa che non era in modo alcuno necessaria.

2072.0 441.0 1290.0 103.0 poi che non ha con essa così fatta congiontione di sangue.

3358.0 502.0 91.0 93.0 )cifra

2068.0 506.0 1235.0 94.0 che senza dispensa non la potesse pigliare. )Ma per

2068.0 576.0 1270.0 92.0 quanto mi ha detto persona mia confidente. et che mi

2070.0 640.0 1297.0 91.0 dice hauerlo inteso dal Re medesimo la causa di que-

2074.0 706.0 1257.0 87.0 sto è stata. che non si contentando la Serenissima

2075.0 772.0 1267.0 91.0 Regina madre di ueder questo maritaggio. uedendo il

2078.0 841.0 1288.0 90.0 Re rissolutissimo a uolerlo fare. ella per metter tempo di

2082.0 906.0 1282.0 92.0 mezo. sperando con questo di poterlo impedir disse a Sua

2075.0 976.0 1276.0 82.0 Maestà che uolendo pur maritarsi in questa doueua. al

2084.0 1043.0 1257.0 79.0 meno farlo da Christiano. dimandandone dispensa al

2084.0 1111.0 1269.0 84.0 Pontefice. et così fu scritto. ma di poi intendendo il Re.

2084.0 1180.0 1233.0 81.0 che ella non era necessaria. senza aspettar la risposta

2086.0 1244.0 1269.0 83.0 hauendo fatto. et consumato il matrimonio. nel qual si

2088.0 1316.0 1267.0 77.0 tiene pur per certo. che la Serenissima Regina madre

2095.0 1377.0 1281.0 85.0 ne habbia hauuto pocha parte.) Il medesimo Nontio pre-

2092.0 1444.0 1277.0 76.0 sentò a Sua Maestà un breue del Papa. per il quale le

2090.0 1515.0 1300.0 80.0 concede di poter nominar quattro chiese. nelle quali questa

2095.0 1583.0 1285.0 86.0 quadragesima possi egli. et tutta la corte pigliar il santis-

2092.0 1644.0 1272.0 75.0 simo Giubileo  delłanno santo. et ha anco dato le bolle

2103.0 1711.0 1282.0 83.0 espedite gratis a Monsignor di Hecan fratello del Du-

2097.0 1779.0 1259.0 69.0 ca di Guisa delłArciuescouato di Rens. che importa

2100.0 1851.0 1264.0 75.0 uano cinquemille scudi. L'altro hieri Sua Maestà ha

2102.0 1920.0 1278.0 77.0 espeditto in Inghilterra Monsignor della Sciatra per cor

2102.0 1988.0 1282.0 78.0 risponder alłofficio che quella Regina mandò a fare se

2104.0 2052.0 1272.0 77.0 co per Milort Hoort del quale scrissi da Lione alla

2100.0 2126.0 1295.0 65.0 Serenità Uostra: et procurerà anco di renouar le conuen-

2104.0 2190.0 1304.0 85.0 tioni della pace. et impedir se sarà a tempo che quella

3366 212 54 56 7
