3704 2500
485 216 52 75 8

569.0 243.0 1234.0 83.0 Regina non dia agiuto di dinari a questi ribelli, li

543.0 330.0 1247.0 67.0 quali si crede che non habino ancora haviti quelli,

539.0 388.0 1250.0 68.0 che già scrissi alla Serenità Vostra che speravan di

534.0 456.0 1288.0 77.0 haver per conto de i sali, poi che Monsignor di Merù

554.0 529.0 1227.0 72.0 fratello di Momoransì andato in Inghilterra per la

530.0 595.0 1253.0 75.0 rissolutione di questo negotio non è ancora partito di

547.0 655.0 313.0 65.0 quel Regno.

558.0 720.0 1274.0 80.0 È gionto in questa città un signor Inglese nominato

537 795 1272 71 il Conte di .... lurd giovane di circa . XX . o . XXIJ . an

529.0 859.0 1299.0 85.0 ni di assai buona presentia, che fuggì già d’Inghilterra

527.0 930.0 1304.0 74.0 si dice per inclinatione che havesse alla religione Cattoli

525.0 998.0 1289.0 71.0 ca ma poi ritornato per molta instantia fatta da quella

526.0 1061.0 1298.0 70.0 Regina, la quale hora le ha dato buona licentia di poter

525.0 1136.0 1279.0 61.0 andar a veder del mondo, poi che lo vedeva rissoluto di

522.0 1197.0 1281.0 75.0 voler partire in tutti i modi, ha visitato qui il Serenissi

521.0 1261.0 1262.0 65.0 mo Re che lo ha honorato assai, poi che il medesimo

514.0 1326.0 1282.0 76.0 Ambasciatore lo mette sospra di se, et dicono che è molto

516.0 1400.0 1305.0 70.0 nobile di quel Regno. E venuto anco da me con il sodet

516.0 1468.0 1290.0 69.0 to Ambasciatore dicendomi che havendo desiderio di venir

514.0 1536.0 1264.0 69.0 a veder Vinetia desiderava che io l’accompagnassi con

519.0 1593.0 1242.0 76.0 mie lettere alla Serenità Vostra; sicome non mi pare

519.0 1662.0 775.0 75.0 di poterle negare. Gratie etc.

629.0 1731.0 888.0 77.0 di Parigi a . XIJ . di Marzo . MDLXXV.

808.0 1865.0 898.0 90.0 Zuanfrancesco Moresini Ambasciator

2095.0 280.0 182.0 79.0 Seconda

2485 336 611 79 Serenissimo Principe etc.

2186.0 466.0 1176.0 89.0 Con  le mie de primo del presente scrissi alla Sere=

2084.0 543.0 1297.0 83.0 nità Vostra quello, che li deputati de Ugonoti haveano

2093.0 619.0 1265.0 72.0 fatto intendere a Sua Maestà circa della loro venuta

2089.0 687.0 1252.0 78.0 in corte per la trattatione della pace, hora la saperà

2090.0 754.0 1297.0 68.0 che havendo il Re procurato di persuaderli a venire

2092.0 823.0 1284.0 70.0 a Pariggi, per non sentir a questo tempo l’incõmo=

2096.0 884.0 1278.0 68.0 do di andar altrove, et havendo mandato loro ogni

2097.0 951.0 1277.0 72.0 sorte de sicurtà che si possi desiderare, haño final

2102.0 1019.0 1265.0 68.0 mente contentato di venire, con prolungar però il

2096.0 1093.0 1246.0 61.0 tempo dalli . 20 . sino alla fine del mese presente,

2102.0 1163.0 1283.0 55.0 da che chiaramente si conosce, che l’animo di que=

2104.0 1225.0 1301.0 62.0 sti è tutto intento alla dilatione, forse per adormentar

2103.0 1287.0 1275.0 64.0 con la speranza della pace la Maestà Sua che non

2107.0 1358.0 1287.0 72.0 faci quelle provisioni per la guerra, che sariano

2106.0 1426.0 1290.0 61.0 bisognose, et loro fra questo mezo procuravano di ha=

2106.0 1487.0 1314.0 67.0 ver dinari in Inghilterra, et il Principe di Condè

2109.0 1561.0 1310.0 62.0 per quanto si dice ha di già rolati in Germania

2110.0 1622.0 1277.0 59.0 sino a quattromille Raitri, et qualche numero di

2111.0 1684.0 1270.0 61.0 Lanzchenech, oltre alcuni Francesi che con

2114.0 1762.0 1256.0 57.0 Torre a Geneva, ne aspetta altro per condurli in

2115.0 1827.0 1266.0 68.0 questo Regno, che denari per darle una paga, con

2107.0 1894.0 1267.0 51.0 tutto questo mostrano di continuare come intende

2114.0 1952.0 1309.0 71.0 la Serenità Vostra nel negotio della trattatione della

2124.0 2023.0 1261.0 70.0 pace, della quale io non saprei che dirle con fon=

2120.0 2091.0 1293.0 64.0 damento, pure si deve credere che da queste Maestà

2121.0 2151.0 1266.0 71.0 se si habbi gran speranza, poi che haño licentiati

2131.0 2216.0 1288.0 78.0 tutti li Raitri, che erano al servitio loro in questi

3383 247 52 125 9
