1600 2500
502.0 504.0 670.0 65.0 El tempo che rinoua imei sospiri

501.0 558.0 680.0 69.0 Per la dolce mimoria di quel giorno

500.0 609.0 683.0 77.0 Che fu principio ad si lunghi martiri

518 660 742 87 Scaldaua gia il sol. luno et laltro corno

518 722 682 71 Del toro: et la Fanciulla di thitone

194.0 786.0 764.0 62.0 Celata andaua al suo usato sogiorno

202.0 838.0 773.0 70.0 Amor li sdegni il pianto et la stagione

194.0 894.0 708.0 61.0 Riconducto mauean al chiuso loco

191.0 954.0 699.0 62.0 Oue ogni fascio il cor lasso ripone

194.0 1012.0 692.0 68.0 Et inquellora sopra lerba un poco

193.0 1063.0 773.0 66.0 Uinto dal somno uidi una gran luce

194.0 1129.0 753.0 64.0 Et dentro assai dolor con breue ioco

198.0 1186.0 714.0 66.0 Uidi un uictorioso & sommo duce

197.0 1241.0 909.0 77.0 Pur come un di coloro chen campo doglio

197.0 1305.0 908.0 67.0 Tryumphal carro ad gran gloria conduce.

193.0 1354.0 747.0 72.0 Io che gioir di tal uista non soglio

200.0 1422.0 698.0 61.0 Perlo secol noioso ouio mi trouo

190.0 1476.0 822.0 71.0 Uoto dogni ualor. pien dogni orgoglio

183.0 1529.0 708.0 64.0 Labito altiero inusitato et nouo

190.0 1586.0 854.0 72.0 Mirai leuando glocchi graui et stanchi

190.0 1652.0 825.0 67.0 Chaltro dilecto che imparar non prouo

201.0 1701.0 924.0 79.0 Quattro destrier uia piu che neue bianchi

1300 129 118 123 159
