1612 2500
501.0 269.0 835.0 79.0 Sopra un carro di foco un garçon crudo

508.0 352.0 849.0 50.0 Con arco in mano et con saecte ai fianchi

501.0 395.0 751.0 60.0 Contra le qual non ual elmo ne scudo

503.0 443.0 808.0 77.0 Sopra li humeri hauea due grande ali

507.0 504.0 689.0 64.0 Di color mille: tucto laltro ignudo

507.0 562.0 674.0 60.0 Dintorno innumerabili mortali

501.0 619.0 776.0 69.0 Parte presi in battaglia et parte uccisi

503.0 673.0 689.0 65.0 Parte feriti de pungenti strali

500.0 733.0 774.0 64.0 Uago de udire nouelle oltra mi misi

498.0 788.0 769.0 64.0 Tanto chio fui in esser di quelli uno

494.0 837.0 770.0 71.0 Che per sua man de uita eran diuisi

491.0 898.0 752.0 53.0 Allor mi strinsi ad rimirar salcuno

491.0 952.0 619.0 66.0 Riconoscesse nella folta schiera

497.0 1012.0 732.0 71.0 Del Re non mai di lacryme digiuno

491.0 1076.0 780.0 58.0 Nessun ne riconobbi: et salcun uera

489.0 1133.0 785.0 69.0 Dimia notitia hauea cangiato uista

493.0 1194.0 820.0 74.0 Per morte o per prigion crudele et fera

486.0 1252.0 860.0 70.0 Un ombra alquanto men che laltre trista

480.0 1309.0 966.0 72.0 Mi uenne incontra: et mi chiamo per nome

483.0 1369.0 848.0 74.0 Dicendo: or questo per amar sacquista.

478.0 1429.0 807.0 62.0 Onde io marauigliato dixi: or come

478.0 1484.0 725.0 66.0 Conosci me chio te non riconoscha

483.0 1541.0 760.0 71.0 Et il questo mauien per laspre some

473.0 1593.0 752.0 73.0 Chio porto di catene: et laria foscha

472.0 1655.0 824.0 68.0 Contendo agli occhi toi: ma uero amico

493.0 1712.0 763.0 81.0 Ti sono: et nacqui teco in terra toscha
