1600 2500
176.0 272.0 658.0 82.0 Le sue parole el ragionar antico

180.0 341.0 707.0 68.0 Scouerson quel chel uiso nascondea

183.0 400.0 728.0 62.0 Et cossi ne assedemmo in loco aprico

184.0 456.0 772.0 62.0 El comincio gran tempo e chio credea

180.0 508.0 765.0 65.0 Uederti qui fra noi: che i toi primi anni

184.0 562.0 827.0 60.0 Monstraremi : onde io di te tal fede hauea

179.0 620.0 752.0 68.0 El fu ben uer: ma glamorosi affanni

184.0 676.0 779.0 68.0 Mi stancar si chio abandonai limpresa

183.0 744.0 811.0 71.0 Ma squarçato ne porto ancor ipanni

181.0 791.0 780.0 64.0 Cossi dixio: et el quando ebbe intesa

188.0 840.0 699.0 72.0 La mia resposta. sorridendo dixe

193.0 900.0 788.0 72.0 O' figliol qual fiamma per te e accesa.

187.0 962.0 699.0 61.0 Io non lintesi allora: ma or si fisse

183.0 1023.0 678.0 61.0 Sue parole mi trouo nella testa

184.0 1076.0 892.0 75.0 Che mai piu saldo ĩmarmore nõ si scrisse

188.0 1141.0 843.0 67.0 Et per la nuoua eta che ardita et presta

211.0 1200.0 773.0 68.0 Falamente: et la lingua: il dimandai

194.0 1262.0 857.0 74.0 Dimmi per cortesia che gente e questa:

194.0 1316.0 672.0 68.0 Dacqui ad poco tempo tel saprai

197.0 1370.0 683.0 68.0 Perte stesso Rispuose: et serai delli

197.0 1431.0 641.0 64.0 Tal ꝑte nodo fassi: et tu nol sai

184.0 1487.0 681.0 74.0 Et prima cangierai uolto et capelli

183.0 1543.0 673.0 73.0 Chel nodo di chio parlo se dissoglia

188.0 1608.0 696.0 69.0 Dal collo & da toi piedi ancor ribelli

187.0 1665.0 675.0 71.0 Ma per impir la tua zouenil uoglia

191.0 1718.0 681.0 75.0 Diro di noi et prima del maiore

1298.0 94.0 75.0 117.0 160
