1612 2500
537.0 263.0 594.0 82.0 Che cossi uita et liberta ne spoglia

540.0 343.0 762.0 62.0 Questo e. colui chel mundo chiama amore

537.0 394.0 662.0 58.0 Amaro come uedi: et uedrai meglio

541.0 454.0 697.0 65.0 Quando fia tuo come e nostro signore

543.0 505.0 636.0 71.0 Mansueto fanciullo et fiero ueglio

537.0 563.0 666.0 63.0 Ben sa chil proua: et fieti cosa piana

535.0 620.0 711.0 71.0 Ançi mille anni: en fin ad ora in sueglio

533.0 675.0 682.0 61.0 Et naque de ocio et di lasciuia huma

532.0 729.0 638.0 65.0 Nodrito de pensieri dolci et soaui

532.0 787.0 693.0 74.0 Enota signore et dio da gente uana

528.0 844.0 785.0 69.0 Quale e. morto dalui. qual conpiu graui

529.0 902.0 713.0 67.0 Lege. mena sua uita aspra et acerba

535.0 961.0 672.0 54.0 Socto mille catene et mille chiaui

525.0 1015.0 665.0 72.0 Colui chen si legiadra et si superba

533.0 1077.0 784.0 79.0 Uista uien prima. e Cesar che in egipto

526.0 1143.0 623.0 66.0 Cleopatra lego tra fiori et lerba

526.0 1198.0 756.0 72.0 Or de lui se tryumpha et e: ben dricto

528.0 1261.0 782.0 52.0 Si uince il mundo: et altri ha uinto lui

525.0 1312.0 742.0 72.0 Che del suo uincitor si ha gloria il uicto

525.0 1369.0 752.0 75.0 Laltro e il figliolo : et pure amo costui

540.0 1429.0 777.0 76.0 Piu iustamente: egli e Cesare augusto

522.0 1486.0 707.0 75.0 Che liuia sua pregando tolse altrui

530.0 1548.0 715.0 65.0 Neron e il terço dispietato e iniusto

530.0 1600.0 744.0 75.0 Uedilo andar pien dira et di disdegno

530.0 1658.0 720.0 75.0 Femina il uinse et par tanto robusto

530.0 1711.0 779.0 98.0 Uedi il bon marco dogni laude degno
