1600 2500
186.0 259.0 670.0 88.0 Pien di philosofia la lingua el pecto

181.0 355.0 732.0 46.0 Ma pur faustina il fa qui stare ad segno

186.0 390.0 736.0 64.0 Quei duo pieni di paura et di sospecto

185 433 729 73 I uno e dionisio & laltro e alexandro

186.0 491.0 770.0 68.0 Ma quel del suo temer ha degno effecto

187.0 547.0 774.0 59.0 Laltro e colui che pianse socto antandro

183.0 612.0 769.0 58.0 La morte de Creusa et el so amor tolse

184.0 658.0 770.0 72.0 Ad quel chel suo figliuol tolse ad euandro

183.0 716.0 768.0 71.0 Udito hai ragionar dun che non uolse

181.0 775.0 703.0 63.0 Consentir al furor dela matregna

193.0 829.0 686.0 72.0 Et da soi prieghi per fugir se sciolse

184.0 884.0 731.0 66.0 Ma quella intention casta et benigna

181.0 941.0 605.0 67.0 Luccise: si lamore in odio torse

193.0 1000.0 705.0 69.0 Fedra amante terribile et maligna

181.0 1065.0 673.0 65.0 Et ella ne morio uendecta forse

184.0 1119.0 702.0 74.0 De ipolito, di theseo et de adriana

176.0 1180.0 774.0 72.0 Che amando come sai ad morte corse

187.0 1240.0 800.0 66.0 Tal biasma altrui che se stesso condanna

181.0 1295.0 682.0 68.0 Che chi prende dilecto di far frode

188.0 1358.0 728.0 57.0 Non se de lamentar saltri linganna

183.0 1412.0 628.0 65.0 Uedil famoso con sua tanta lode

198.0 1469.0 661.0 61.0 Preso menar fra due sorelle morte

186.0 1530.0 644.0 64.0 Luna di lui: et el de laltra gode

179.0 1586.0 808.0 72.0 Colui che e seco e quel possente et forte

180.0 1637.0 854.0 74.0 Hercule che amor prese: et laltro e achille

179.0 1700.0 841.0 80.0 Chebbe in suo amar assai dogliose sorte

1312.0 94.0 46.0 74.0 16
