1612 2500
501.0 265.0 796.0 83.0 Quello e demophon, quellaltra e phille

487.0 350.0 845.0 55.0 Che de lui se lamenta: et quello e iasone

497.0 394.0 707.0 67.0 E t medea, chel sequi per tante uille

496.0 451.0 738.0 68.0 Al uecchio padre & al fratel garçone

486.0 508.0 811.0 62.0 Crudel, quanto se conta et tanto na ella

491.0 561.0 761.0 68.0 Di biasmar sua fortuna piu ragione

489.0 618.0 714.0 70.0 Hysiphile uien poi turbata et fella

489.0 677.0 724.0 63.0 Del barbarico amor chel suo la tolto

490.0 730.0 757.0 65.0 Poi uien colei che ha il titol desser bella

490.0 783.0 756.0 65.0 Seco e il pastor che mal il suo bel uolto

486.0 838.0 757.0 66.0 Miro si fiso: onde usar gran tempeste

480.0 898.0 722.0 65.0 Et funnel mundo socto sopra uolto

482.0 955.0 629.0 64.0 O di lamentare fra laltre meste

490.0 1019.0 618.0 58.0 O enone di paris: et menelao

484.0 1073.0 833.0 74.0 Delena: et hermione chiamare horeste

485 1133 605 79 Et laudomia il suo protesilao

489.0 1201.0 660.0 74.0 Et argia polinice assai piu fida

479.0 1256.0 663.0 70.0 Che lauara moglier damphiarao

479.0 1312.0 721.0 71.0 O dil pianto et sospiri odi le strida

484.0 1370.0 620.0 64.0 De li miseri amanti che li spirti

480.0 1425.0 767.0 63.0 Diero ad colui che ora quincili guida

489.0 1486.0 726.0 72.0 Non posso igia di tucti il nome dirti

478.0 1543.0 874.0 70.0 Che non huomini pur: ma dei gran parte

476.0 1600.0 845.0 77.0 Empieno de boschi et de gli ombrosi mirti

479.0 1666.0 753.0 56.0 Uedi uenere bella: et con lei marte

472.0 1713.0 756.0 87.0 Cinto di ferro i piedi le braça el collo
