1600 2500
179.0 273.0 718.0 88.0 Et plutone et proserpina in disparte

168.0 350.0 665.0 70.0 Uedi Iunon gelosa el dolce apollo

165.0 397.0 683.0 76.0 C he solea spregiare li strali et larco

166.0 455.0 725.0 70.0 Che li die in pharsaglia poi tal crollo

166.0 512.0 728.0 67.0 Che diro piu: in un passo min uarco

169.0 565.0 675.0 72.0 Tucti son presi quelli dij di uarro

173.0 622.0 636.0 72.0 Et di lacçioli innumerabil carco

170.0 680.0 768.0 71.0 Uien Zoue incatenato nançi al carro

277.0 781.0 654.0 71.0 Ra si pieno il cor di marauiglie

254.0 838.0 880.0 77.0 chio staua come huom che non puo dire

176.0 895.0 840.0 81.0 Et tace et guarda pur chaltril consiglia

170.0 954.0 806.0 71.0 Quando lamico mio che fai che mire

173.0 1015.0 714.0 68.0 Che pensi dixe: non sai tu ben chio

169.0 1077.0 879.0 71.0 Son de la turba: et mi conuien seguire:

179.0 1140.0 683.0 68.0 Frate rispuosi et tu sai lesser mio

177.0 1195.0 706.0 71.0 Et lamor di saper che ma si acceso

173.0 1252.0 649.0 74.0 Che lopra e ritardata daldesio

177.0 1313.0 757.0 70.0 Et egli ad me tacendo io tauea inteso

179.0 1375.0 754.0 65.0 Tu uoi udir chi son questaltri ancora

180.0 1430.0 710.0 65.0 Io tel diro: sel dir non me conteso

179.0 1488.0 780.0 70.0 Uedi quel grande che ciascun honora

183.0 1547.0 690.0 72.0 Egli e pompeio & ha cornelia seco

181.0 1602.0 823.0 75.0 Chancor di ptholomeo selagna et plora

184.0 1662.0 863.0 74.0 Laltro che e piu lontan e quel gran greco

183.0 1713.0 792.0 87.0 Che Egisto uccise et lempia clitemestra

1254 100 154 97 162
