<alto xmlns:xsi="http://www.w3.org/2001/XMLSchema-instance" xmlns="http://www.loc.gov/standards/alto/ns-v4#" xsi:schemaLocation="http://www.loc.gov/standards/alto/ns-v4# http://www.loc.gov/standards/alto/v4/alto-4-2.xsd">
  <Description>
    <MeasurementUnit>pixel</MeasurementUnit>
    <sourceImageInformation>
      <fileName>162v.jpg</fileName>
      <fileIdentifier>mets//bn-f-departement-des-manuscrits-italien-1019-mets.zip/162v.jpg</fileIdentifier>
    </sourceImageInformation>
  </Description>
  
  <Tags>
    <OtherTag ID="BT15086" LABEL="MainZone" DESCRIPTION="block type MainZone"/><OtherTag ID="BT15087" LABEL="NumberingZone" DESCRIPTION="block type NumberingZone"/><OtherTag ID="BT15088" LABEL="DropCapitalZone" DESCRIPTION="block type DropCapitalZone"/><OtherTag ID="BT15089" LABEL="MarginTextZone" DESCRIPTION="block type MarginTextZone"/><OtherTag ID="BT15090" LABEL="RunningTitleZone" DESCRIPTION="block type RunningTitleZone"/>
    <OtherTag ID="LT6362" LABEL="DefaultLine" DESCRIPTION="line type DefaultLine"/>
  </Tags>
  
  <Layout>
    <Page WIDTH="1612" HEIGHT="2500" PHYSICAL_IMG_NR="7" ID="eSc_dummypage_">
      <PrintSpace HPOS="0" VPOS="0" WIDTH="1612" HEIGHT="2500">
        
        <TextBlock HPOS="453.7221374511719" VPOS="276.90411376953125" WIDTH="915.1701965332031" HEIGHT="1536.9035034179688" ID="block_0" TAGREFS="BT15086">
          <Shape><Polygon POINTS="453.722 276.904 1368.89 276.904 1368.89 1813.81 453.722 1813.81 453.722 276.904"/></Shape>
          
          
          <TextLine ID="line_0" TAGREFS="LT6362" BASELINE="471 322 1236 326" HPOS="467" VPOS="277" WIDTH="767" HEIGHT="70">
            <Shape><Polygon POINTS="1030 277 1009 277 988 277 967 277 946 277 927 277 892 287 857 277 842 277 821 277 804 277 775 285 740 277 738 277 717 277 696 277 688 277 667 287 529 287 496 277 487 277 469 277 469 320 467 345 1230 347 1234 325 1232 285 1044 277 1030 277"/></Shape>
	    <String CONTENT="Or puoi uider amor segli e ben cieco" HPOS="467" VPOS="277" WIDTH="767" HEIGHT="70"/>
          </TextLine>

          
          
          <TextLine ID="line_1" TAGREFS="LT6362" BASELINE="489 384 1285 388" HPOS="489.0" VPOS="355.0" WIDTH="796.0" HEIGHT="54.0">
            <Shape><Polygon POINTS="1279 384 1265 384 1252 384 1238 384 1224 384 1210 384 1196 384 1182 384 1168 384 1154 384 1140 384 1127 384 1113 384 1099 384 1085 384 1071 384 1057 384 1043 384 1029 384 1015 384 1001 384 988 384 974 384 960 384 946 384 932 384 918 384 904 384 890 384 876 384 862 384 849 384 835 384 821 384 807 384 793 384 779 384 765 384 751 384 737 384 725 381 711 381 697 381 683 381 669 381 655 381 642 381 635 359 632 356 630 356 629 356 489 355 489 384 489 404 525 395 617 395 625 402 626 402 628 402 629 402 630 402 647 395 676 402 678 402 679 402 753 395 833 406 840 406 842 406 843 406 844 406 856 397 899 406 901 406 903 406 904 406 906 406 921 397 1004 397 1038 408 1040 408 1042 408 1043 409 1284 409 1285 388 1284 384 1279 384"/></Shape>
	    <String CONTENT="A ltra fede altro amor uedi ipermestra" HPOS="489.0" VPOS="355.0" WIDTH="796.0" HEIGHT="54.0"/>
          </TextLine>

          
          
          <TextLine ID="line_2" TAGREFS="LT6362" BASELINE="487 436 1311 444" HPOS="486.0" VPOS="395.0" WIDTH="825.0" HEIGHT="78.0">
            <Shape><Polygon POINTS="487 436 486 459 536 452 590 462 623 468 625 468 662 462 721 454 744 463 760 469 761 469 762 470 882 470 882 469 883 469 899 463 922 456 999 456 1013 465 1015 468 1017 468 1018 468 1020 468 1021 468 1028 465 1046 458 1067 465 1068 465 1070 465 1071 465 1072 465 1083 458 1150 458 1163 466 1172 473 1174 473 1175 473 1177 473 1178 473 1193 466 1217 473 1218 473 1220 473 1221 473 1238 466 1249 462 1260 466 1270 470 1271 470 1272 470 1310 466 1311 444 1310 418 1281 418 1279 416 1256 402 1254 402 1253 402 1252 402 1250 402 1249 402 1249 404 1235 416 1235 418 1220 418 1217 416 1175 401 1174 401 1172 401 1086 415 1082 415 1079 415 1038 400 1036 400 1035 400 1033 400 1006 408 976 400 975 400 974 400 972 400 953 408 932 400 931 400 929 400 869 406 829 398 828 398 769 411 762 412 693 412 690 411 675 402 673 402 672 402 671 402 647 411 644 411 643 409 617 395 615 395 614 395 612 395 611 395 594 409 593 411 551 411 548 409 505 395 504 395 503 395 501 395 500 395 487 404 487 436"/></Shape>
	    <String CONTENT="Ecco pyramo &amp; Tysbe insieme allombra" HPOS="486.0" VPOS="395.0" WIDTH="825.0" HEIGHT="78.0"/>
          </TextLine>

          
          
          <TextLine ID="line_3" TAGREFS="LT6362" BASELINE="479 495 1259 500" HPOS="475" VPOS="450" WIDTH="782" HEIGHT="70">
            <Shape><Polygon POINTS="477 493 475 508 1253 520 1257 500 1257 466 1201 452 1199 452 1121 452 1119 452 1117 452 1115 452 1115 454 1101 464 1101 466 1096 464 1067 452 1065 452 913 450 911 450 909 450 873 460 859 466 773 466 759 458 740 450 738 450 736 450 692 456 656 462 477 454 477 493"/></Shape>
	    <String CONTENT="Leandro in mare et hero alla finestra" HPOS="475" VPOS="450" WIDTH="782" HEIGHT="70"/>
          </TextLine>

          
          
          <TextLine ID="line_4" TAGREFS="LT6362" BASELINE="480 550 1253 554" HPOS="479.0" VPOS="506.0" WIDTH="774.0" HEIGHT="70.0">
            <Shape><Polygon POINTS="480 550 479 569 529 573 530 573 532 573 539 569 553 562 590 569 610 573 611 575 739 575 739 573 740 573 754 569 779 563 837 563 850 569 853 572 854 572 856 572 857 572 858 572 860 572 862 569 872 563 942 563 954 569 961 575 963 575 964 575 965 575 967 575 976 569 986 563 993 569 994 572 996 572 997 572 999 572 1000 572 1006 569 1020 565 1072 569 1100 572 1101 572 1117 569 1147 565 1174 569 1206 576 1207 576 1252 569 1253 554 1252 523 1196 509 1195 509 1193 509 1164 522 1164 523 1125 523 1124 522 1106 509 1104 509 1103 509 1101 509 1100 509 1070 518 1064 511 1063 511 1063 509 1061 509 1060 509 1011 509 1010 509 1008 509 1007 509 1007 511 994 520 982 512 981 512 979 512 978 512 915 520 911 520 900 509 900 508 899 508 897 508 896 508 846 520 840 522 778 522 774 519 737 506 736 506 735 506 733 506 705 519 704 519 643 519 632 508 632 506 630 506 629 506 589 506 587 506 586 506 585 506 585 508 572 518 571 520 525 520 523 518 515 509 515 508 514 508 512 508 511 508 510 508 480 516 480 550"/></Shape>
	    <String CONTENT="Quel si pensoso e ulixe affabil ombra" HPOS="479.0" VPOS="506.0" WIDTH="774.0" HEIGHT="70.0"/>
          </TextLine>

          
          
          <TextLine ID="line_5" TAGREFS="LT6362" BASELINE="480 611 1161 608" HPOS="479.0" VPOS="568.0" WIDTH="682.0" HEIGHT="65.0">
            <Shape><Polygon POINTS="480 611 480 626 636 623 643 626 651 630 653 630 654 630 655 630 665 626 671 623 687 626 728 633 729 633 730 633 746 626 751 623 774 626 814 630 815 630 856 625 872 623 887 625 929 631 931 631 932 631 933 631 942 625 947 622 988 622 1017 625 1085 631 1086 631 1088 631 1089 631 1099 625 1103 622 1158 623 1161 608 1158 586 1081 577 1079 577 1078 577 1076 577 1065 586 990 586 967 568 965 568 964 568 963 568 921 576 840 568 839 568 837 568 808 580 793 570 792 570 790 570 789 570 787 570 749 586 746 586 719 586 687 584 673 570 673 569 672 569 671 569 669 569 603 586 600 586 598 586 575 573 573 573 572 573 571 573 561 579 548 569 547 569 546 569 494 569 493 569 491 569 490 569 490 570 479 580 480 611"/></Shape>
	    <String CONTENT="Che la casta moglier aspecta et prega" HPOS="479.0" VPOS="568.0" WIDTH="682.0" HEIGHT="65.0"/>
          </TextLine>

          
          
          <TextLine ID="line_6" TAGREFS="LT6362" BASELINE="479 665 1177 668" HPOS="478.0" VPOS="630.0" WIDTH="699.0" HEIGHT="60.0">
            <Shape><Polygon POINTS="479 665 478 676 537 688 539 688 633 679 654 686 655 686 657 686 737 679 761 687 762 687 764 687 857 680 889 690 890 690 892 690 935 681 1061 690 1063 690 1175 679 1177 668 1174 643 1142 644 1136 641 1128 636 1127 636 1125 636 1124 636 1122 636 1104 641 1090 644 1070 640 1046 636 1045 636 1043 636 1028 640 1010 644 1001 638 994 634 993 634 992 634 990 634 989 634 988 634 982 638 971 645 935 645 914 637 900 633 899 633 817 631 815 631 814 631 812 631 808 636 796 643 628 636 626 636 571 643 479 630 479 665"/></Shape>
	    <String CONTENT="Ma circe amando loritien engombra" HPOS="478.0" VPOS="630.0" WIDTH="699.0" HEIGHT="60.0"/>
          </TextLine>

          
          
          <TextLine ID="line_7" TAGREFS="LT6362" BASELINE="480 726 1238 723" HPOS="479.0" VPOS="680.0" WIDTH="759.0" HEIGHT="74.0">
            <Shape><Polygon POINTS="480 726 480 740 514 737 519 741 526 745 528 745 529 745 530 745 576 741 626 736 653 741 703 752 704 754 733 754 733 752 735 752 736 752 750 741 758 736 804 741 826 744 828 744 839 741 872 734 931 743 949 744 950 744 964 743 1007 736 1015 743 1024 750 1024 751 1025 751 1026 751 1028 751 1070 750 1071 750 1072 750 1072 748 1079 743 1083 737 1096 743 1114 751 1115 751 1117 751 1236 743 1238 723 1235 697 1143 697 1140 694 1117 684 1115 684 1114 684 1075 693 1063 697 1018 697 1011 693 1003 686 1001 686 1000 686 999 686 997 686 982 691 969 695 957 691 928 680 926 680 925 680 924 680 922 680 922 681 913 690 911 691 893 690 808 681 807 681 806 681 804 681 797 688 786 697 760 687 743 681 742 681 679 681 678 681 676 681 675 681 675 683 671 686 660 698 587 698 564 684 561 681 560 681 558 681 557 681 555 681 551 683 529 697 511 683 510 681 508 681 507 681 505 681 479 681 480 726"/></Shape>
	    <String CONTENT="Laltro e il figlio de amilcare &amp; nol piega" HPOS="479.0" VPOS="680.0" WIDTH="759.0" HEIGHT="74.0"/>
          </TextLine>

          
          
          <TextLine ID="line_8" TAGREFS="LT6362" BASELINE="482 781 1209 786" HPOS="480.0" VPOS="745.0" WIDTH="729.0" HEIGHT="52.0">
            <Shape><Polygon POINTS="482 781 480 790 1206 797 1209 786 1207 762 1135 759 1124 750 1122 750 1121 750 1120 750 1118 750 1100 759 1096 762 1031 762 1025 758 1017 750 1015 750 1014 750 965 748 964 748 963 748 946 755 936 759 904 759 900 754 894 750 894 748 893 748 892 748 890 748 867 754 858 755 847 754 825 748 824 748 822 748 814 752 800 759 750 751 747 751 746 751 740 751 639 758 619 748 618 748 617 748 615 748 528 758 516 748 516 747 515 747 514 747 482 745 482 781"/></Shape>
	    <String CONTENT="I ncotanti anni italia tucta et roma" HPOS="480.0" VPOS="745.0" WIDTH="729.0" HEIGHT="52.0"/>
          </TextLine>

          
          
          <TextLine ID="line_9" TAGREFS="LT6362" BASELINE="479 834 1220 834" HPOS="479.0" VPOS="794.0" WIDTH="741.0" HEIGHT="69.0">
            <Shape><Polygon POINTS="479 834 479 845 500 854 501 854 503 854 504 854 532 847 582 862 583 862 585 862 654 847 658 847 660 847 669 854 671 854 672 854 673 854 764 848 796 847 799 848 811 861 811 862 812 862 814 862 815 863 864 863 864 862 865 862 867 862 867 861 879 850 883 847 910 847 917 850 940 862 942 862 943 863 961 863 961 862 963 862 964 862 964 861 976 851 981 847 992 851 1011 856 1013 856 1014 856 1085 851 1114 850 1117 852 1127 861 1127 862 1128 862 1129 862 1131 863 1196 863 1196 862 1197 862 1220 852 1220 834 1220 806 1156 806 1156 805 1143 795 1143 794 1142 794 1140 794 1139 794 1138 794 1104 805 1103 806 1079 806 1079 805 1068 795 1068 794 1067 794 1065 794 1020 794 1018 794 1017 794 1015 794 997 805 996 805 978 805 968 805 956 794 954 794 953 794 951 794 950 794 917 805 915 805 914 805 894 794 893 794 858 794 857 794 856 794 854 794 854 795 844 804 843 805 840 804 797 794 796 794 794 794 769 804 767 806 724 806 721 804 708 794 707 794 705 794 704 794 703 794 683 804 680 806 614 806 610 804 596 794 594 794 593 794 591 794 479 802 479 834"/></Shape>
	    <String CONTENT="Uil feminella inpuglia il prende et lega" HPOS="479.0" VPOS="794.0" WIDTH="741.0" HEIGHT="69.0"/>
          </TextLine>

          
          
          <TextLine ID="line_10" TAGREFS="LT6362" BASELINE="475 893 1206 887" HPOS="473.0" VPOS="850.0" WIDTH="733.0" HEIGHT="66.0">
            <Shape><Polygon POINTS="475 893 475 916 536 915 537 915 539 915 548 906 593 911 594 911 596 911 619 902 646 912 647 912 648 912 650 912 651 912 664 902 682 912 683 912 685 912 686 912 694 911 746 901 758 909 764 913 765 913 767 913 768 915 826 915 826 913 828 913 851 906 878 900 913 905 924 906 925 906 1204 897 1206 887 1202 859 1115 859 1114 859 1097 852 1096 852 1095 852 1035 859 974 850 972 850 971 850 969 850 954 861 953 861 950 861 867 852 865 852 864 852 846 862 819 862 786 862 785 862 742 851 740 851 653 851 651 851 650 851 612 863 590 854 589 854 587 854 522 863 491 852 490 852 489 852 487 852 486 852 473 859 475 893"/></Shape>
	    <String CONTENT="Quella chel suo signor con breue coma" HPOS="473.0" VPOS="850.0" WIDTH="733.0" HEIGHT="66.0"/>
          </TextLine>

          
          
          <TextLine ID="line_11" TAGREFS="LT6362" BASELINE="475 943 1156 947" HPOS="473.0" VPOS="904.0" WIDTH="683.0" HEIGHT="58.0">
            <Shape><Polygon POINTS="475 943 473 955 493 962 494 962 496 962 1154 961 1156 947 1153 918 1089 919 1079 916 1042 906 1040 906 1039 906 1038 906 1036 906 1021 916 1011 908 1011 906 1010 906 1008 906 979 906 978 906 976 906 975 906 961 916 924 906 922 906 921 906 919 906 901 916 900 918 837 918 833 916 824 909 822 909 821 909 819 909 775 916 765 918 764 916 753 906 753 905 751 905 750 905 721 905 719 905 718 905 692 916 679 905 679 904 678 904 676 904 643 904 642 904 640 904 639 904 625 916 623 916 615 916 539 909 537 909 475 915 475 943"/></Shape>
	    <String CONTENT="Ua consolando in ponto fu Reina" HPOS="473.0" VPOS="904.0" WIDTH="683.0" HEIGHT="58.0"/>
          </TextLine>

          
          
          <TextLine ID="line_12" TAGREFS="LT6362" BASELINE="480 1008 1143 1000" HPOS="479.0" VPOS="958.0" WIDTH="664.0" HEIGHT="64.0">
            <Shape><Polygon POINTS="480 1008 480 1022 1143 1015 1143 1000 1140 976 1086 976 1085 975 1060 958 1058 958 1057 958 1056 958 1020 961 1018 961 1017 961 1017 962 1006 973 983 962 982 962 981 962 979 962 951 972 922 959 921 959 919 959 890 961 889 961 887 961 874 972 865 979 817 979 807 970 797 962 796 962 794 962 761 962 760 962 725 969 682 979 665 970 664 970 662 970 661 970 643 980 621 973 619 973 618 973 617 973 586 983 546 983 529 966 528 966 528 965 526 965 525 965 523 965 479 965 480 1008"/></Shape>
	    <String CONTENT="Come in acto seruil se stessa doma" HPOS="479.0" VPOS="958.0" WIDTH="664.0" HEIGHT="64.0"/>
          </TextLine>

          
          
          <TextLine ID="line_13" TAGREFS="LT6362" BASELINE="483 1063 1174 1055" HPOS="482.0" VPOS="1012.0" WIDTH="692.0" HEIGHT="78.0">
            <Shape><Polygon POINTS="483 1063 483 1083 522 1076 532 1083 537 1088 539 1088 540 1088 541 1090 593 1090 593 1088 594 1088 596 1088 596 1087 601 1081 608 1075 730 1080 735 1080 736 1080 737 1080 762 1073 774 1080 779 1084 780 1084 782 1084 783 1084 831 1079 875 1075 885 1079 899 1084 900 1084 901 1084 939 1077 967 1073 974 1077 979 1081 981 1081 982 1081 983 1081 1015 1077 1063 1070 1076 1076 1085 1080 1086 1080 1088 1080 1089 1080 1090 1080 1096 1076 1108 1069 1172 1075 1174 1055 1171 1030 1146 1027 1132 1013 1132 1012 1131 1012 1129 1012 1096 1012 1095 1012 1093 1012 1058 1027 1053 1031 1006 1031 1001 1027 988 1015 988 1013 986 1013 985 1013 983 1013 935 1015 933 1015 932 1015 932 1016 921 1026 914 1033 854 1033 843 1025 831 1015 829 1015 828 1015 826 1015 825 1015 824 1015 808 1025 793 1034 762 1034 744 1023 730 1016 729 1016 728 1016 693 1018 692 1018 690 1018 690 1019 686 1023 672 1034 615 1029 614 1029 612 1029 593 1036 548 1020 543 1019 541 1019 540 1019 482 1019 483 1063"/></Shape>
	    <String CONTENT="Et porcia chel carbon. el ferro affina" HPOS="482.0" VPOS="1012.0" WIDTH="692.0" HEIGHT="78.0"/>
          </TextLine>

          
          
          <TextLine ID="line_14" TAGREFS="LT6362" BASELINE="479 1125 1221 1120" HPOS="478.0" VPOS="1075.0" WIDTH="743.0" HEIGHT="69.0">
            <Shape><Polygon POINTS="479 1125 479 1137 551 1144 553 1144 554 1144 555 1144 555 1143 561 1138 562 1137 586 1138 648 1143 650 1143 696 1138 736 1136 749 1140 758 1143 760 1143 761 1143 762 1143 764 1143 768 1140 774 1136 808 1140 837 1143 839 1143 840 1143 850 1140 864 1136 876 1140 885 1143 886 1143 887 1143 889 1143 894 1140 904 1136 921 1140 929 1143 931 1143 932 1143 933 1143 942 1140 956 1136 961 1140 963 1143 964 1143 965 1143 967 1143 978 1141 1006 1134 1033 1141 1038 1141 1039 1143 1220 1143 1221 1120 1218 1091 1090 1090 1090 1088 1072 1075 1071 1075 1070 1075 972 1075 971 1075 969 1075 968 1075 968 1076 956 1087 915 1076 914 1076 913 1076 911 1076 887 1086 876 1091 832 1090 825 1086 807 1076 806 1076 754 1076 753 1076 751 1076 750 1076 736 1084 722 1093 705 1086 704 1086 703 1086 662 1090 654 1083 650 1080 650 1079 648 1079 647 1079 646 1079 644 1079 635 1083 623 1087 614 1083 600 1077 598 1077 597 1077 596 1077 594 1077 589 1083 576 1093 529 1081 510 1077 508 1077 478 1080 479 1125"/></Shape>
	    <String CONTENT="Quellaltra e Iulia. et duolsi del marito" HPOS="478.0" VPOS="1075.0" WIDTH="743.0" HEIGHT="69.0"/>
          </TextLine>

          
          
          <TextLine ID="line_15" TAGREFS="LT6362" BASELINE="478 1188 1210 1181" HPOS="476.0" VPOS="1137.0" WIDTH="734.0" HEIGHT="74.0">
            <Shape><Polygon POINTS="478 1188 478 1211 562 1201 582 1208 583 1208 585 1208 586 1208 604 1201 658 1206 660 1206 753 1200 762 1205 764 1206 765 1206 767 1206 768 1208 768 1206 769 1206 771 1206 772 1205 780 1200 815 1204 826 1205 828 1205 840 1204 878 1198 883 1202 889 1206 889 1208 890 1208 892 1208 893 1208 894 1208 910 1202 918 1200 943 1201 996 1206 997 1206 999 1206 1000 1206 1007 1200 1010 1198 1018 1200 1050 1206 1051 1206 1053 1206 1054 1206 1063 1200 1067 1197 1093 1198 1168 1204 1170 1204 1209 1195 1210 1181 1207 1154 1171 1154 1171 1152 1150 1137 1149 1137 1147 1137 1104 1137 1103 1137 1101 1137 1076 1151 1064 1138 1064 1137 1063 1137 1061 1137 1060 1137 1058 1137 1057 1137 1038 1152 1032 1156 996 1156 992 1152 981 1143 981 1141 979 1141 978 1141 976 1141 975 1141 974 1141 960 1152 956 1155 932 1151 917 1150 915 1150 914 1150 913 1150 913 1151 911 1151 907 1158 853 1158 843 1151 828 1140 826 1140 825 1140 824 1140 822 1140 797 1151 790 1154 778 1151 742 1141 740 1141 739 1141 737 1141 736 1141 722 1151 711 1158 687 1150 672 1145 671 1145 669 1145 668 1145 667 1145 667 1147 662 1150 653 1159 637 1159 628 1150 619 1143 618 1143 617 1143 596 1143 594 1143 593 1143 591 1143 591 1144 585 1150 573 1159 555 1159 546 1150 540 1144 540 1143 539 1143 537 1143 536 1143 476 1148 478 1188"/></Shape>
	    <String CONTENT="Che alla seconda fiamma piu sinchina" HPOS="476.0" VPOS="1137.0" WIDTH="734.0" HEIGHT="74.0"/>
          </TextLine>

          
          
          <TextLine ID="line_16" TAGREFS="LT6362" BASELINE="479 1245 1263 1241" HPOS="478.0" VPOS="1200.0" WIDTH="785.0" HEIGHT="73.0">
            <Shape><Polygon POINTS="479 1245 479 1256 535 1259 546 1270 546 1272 547 1272 548 1272 550 1273 642 1273 642 1272 643 1272 678 1259 679 1258 679 1259 694 1272 696 1272 697 1272 698 1272 739 1270 740 1270 764 1259 782 1268 783 1268 785 1268 786 1268 810 1259 824 1255 900 1255 906 1261 911 1265 911 1266 913 1266 914 1266 915 1266 965 1261 968 1261 978 1269 978 1270 979 1270 981 1270 982 1270 1024 1269 1025 1269 1026 1269 1038 1261 1049 1254 1114 1262 1143 1265 1145 1265 1146 1265 1152 1262 1168 1254 1206 1262 1218 1265 1220 1265 1261 1262 1263 1241 1260 1215 1186 1215 1185 1213 1163 1200 1161 1200 1160 1200 1122 1200 1121 1200 1120 1200 1118 1200 1099 1212 1097 1213 1090 1212 1038 1204 1036 1204 1035 1204 1033 1204 1033 1205 1025 1212 1025 1213 1022 1212 1011 1208 1010 1208 1008 1208 1007 1208 1006 1208 1001 1212 996 1216 928 1216 917 1211 890 1201 889 1201 887 1201 886 1201 857 1209 840 1201 839 1201 792 1201 790 1201 789 1201 787 1201 774 1209 718 1202 717 1202 715 1202 701 1209 686 1218 608 1218 600 1208 597 1206 597 1205 596 1205 594 1205 593 1205 591 1205 583 1208 575 1212 569 1208 562 1202 561 1202 560 1202 558 1202 557 1202 536 1208 522 1211 478 1208 479 1245"/></Shape>
	    <String CONTENT="Uolgi qua gliocchi algran patre schernito" HPOS="478.0" VPOS="1200.0" WIDTH="785.0" HEIGHT="73.0"/>
          </TextLine>

          
          
          <TextLine ID="line_17" TAGREFS="LT6362" BASELINE="480 1309 1336 1301" HPOS="479.0" VPOS="1261.0" WIDTH="857.0" HEIGHT="72.0">
            <Shape><Polygon POINTS="480 1309 480 1323 536 1330 537 1330 539 1330 560 1325 573 1320 601 1325 617 1326 618 1326 630 1325 658 1319 687 1325 732 1333 733 1333 735 1333 751 1325 765 1318 889 1325 915 1326 917 1326 924 1325 965 1316 997 1325 1000 1326 1001 1326 1003 1326 1004 1326 1007 1325 1033 1316 1083 1326 1104 1329 1106 1330 1193 1330 1193 1329 1211 1326 1235 1322 1264 1326 1277 1327 1278 1327 1279 1327 1284 1326 1310 1316 1332 1326 1336 1301 1334 1273 1285 1265 1284 1265 1218 1272 1209 1263 1209 1262 1207 1262 1206 1262 1165 1261 1164 1261 1163 1261 1161 1261 1161 1262 1147 1273 1147 1275 1146 1275 1100 1275 1082 1265 1081 1265 1079 1265 1035 1275 1032 1275 1028 1275 965 1268 964 1268 883 1276 875 1276 872 1276 837 1263 836 1263 769 1263 768 1263 767 1263 746 1272 668 1265 667 1265 665 1265 664 1265 664 1266 651 1277 646 1277 625 1279 610 1277 507 1266 505 1266 504 1266 479 1276 480 1309"/></Shape>
	    <String CONTENT="Che non se pente: et hauer non glincresce" HPOS="479.0" VPOS="1261.0" WIDTH="857.0" HEIGHT="72.0"/>
          </TextLine>

          
          
          <TextLine ID="line_18" TAGREFS="LT6362" BASELINE="480 1355 1204 1362" HPOS="479.0" VPOS="1316.0" WIDTH="725.0" HEIGHT="71.0">
            <Shape><Polygon POINTS="480 1355 479 1376 482 1379 483 1379 483 1380 484 1380 486 1380 582 1383 583 1383 585 1383 617 1369 623 1366 628 1369 639 1377 640 1377 642 1377 643 1377 665 1373 708 1384 710 1384 711 1384 712 1384 714 1384 714 1383 728 1370 769 1379 771 1379 772 1379 774 1379 787 1370 806 1380 807 1380 808 1380 810 1380 847 1370 864 1384 864 1386 865 1386 867 1386 868 1387 903 1387 903 1386 904 1386 935 1370 946 1377 947 1377 949 1377 950 1377 951 1377 968 1370 1018 1370 1074 1370 1081 1377 1081 1379 1082 1379 1083 1379 1085 1379 1086 1379 1096 1373 1104 1381 1104 1383 1106 1383 1107 1383 1108 1383 1110 1383 1132 1375 1161 1384 1163 1384 1164 1384 1165 1384 1203 1370 1204 1362 1200 1330 1192 1334 1186 1330 1174 1320 1172 1320 1171 1320 1170 1320 1168 1320 1149 1329 1136 1336 1122 1329 1106 1320 1104 1320 999 1318 997 1318 996 1318 994 1318 982 1327 981 1327 979 1327 972 1320 972 1319 971 1319 969 1319 908 1316 907 1316 906 1316 904 1316 892 1326 879 1334 771 1334 744 1323 743 1323 742 1323 740 1323 739 1323 737 1323 717 1330 708 1323 701 1318 700 1318 698 1318 697 1318 696 1318 680 1323 653 1331 521 1331 510 1320 505 1318 505 1316 504 1316 503 1316 501 1316 480 1319 480 1355"/></Shape>
	    <String CONTENT="Septe et septeanni: per Rachel seruito" HPOS="479.0" VPOS="1316.0" WIDTH="725.0" HEIGHT="71.0"/>
          </TextLine>

          
          
          <TextLine ID="line_19" TAGREFS="LT6362" BASELINE="476 1412 1238 1415" HPOS="475.0" VPOS="1375.0" WIDTH="763.0" HEIGHT="61.0">
            <Shape><Polygon POINTS="476 1412 475 1425 546 1434 547 1436 662 1436 662 1434 664 1434 665 1434 673 1427 726 1434 728 1436 821 1436 821 1434 822 1434 824 1434 831 1427 832 1427 906 1427 907 1429 915 1436 917 1436 918 1436 919 1436 1236 1430 1238 1415 1232 1377 1218 1386 1189 1377 1182 1376 1181 1376 1179 1376 1178 1376 1172 1377 1138 1391 1051 1391 1038 1377 1036 1377 1036 1376 1035 1376 1033 1376 1032 1376 1003 1377 1001 1377 1000 1377 985 1391 969 1391 956 1379 954 1377 954 1376 953 1376 951 1376 917 1376 915 1376 914 1376 908 1379 889 1388 868 1381 867 1381 865 1381 864 1381 849 1388 824 1379 812 1375 811 1375 810 1375 778 1379 704 1390 678 1390 662 1379 657 1375 655 1375 654 1375 653 1375 651 1375 640 1379 629 1383 617 1379 615 1379 614 1379 612 1379 611 1379 610 1379 610 1380 598 1390 551 1390 541 1379 537 1376 537 1375 536 1375 535 1375 533 1375 532 1375 530 1375 523 1379 519 1381 476 1380 476 1412"/></Shape>
	    <String CONTENT="Uiuace amor che negli affanni cresce" HPOS="475.0" VPOS="1375.0" WIDTH="763.0" HEIGHT="61.0"/>
          </TextLine>

          
          
          <TextLine ID="line_20" TAGREFS="LT6362" BASELINE="476 1468 1174 1477" HPOS="475.0" VPOS="1426.0" WIDTH="699.0" HEIGHT="75.0">
            <Shape><Polygon POINTS="476 1468 475 1479 504 1488 505 1488 507 1488 508 1488 529 1481 543 1491 544 1491 546 1491 547 1491 630 1483 696 1493 697 1493 740 1484 783 1498 785 1498 786 1500 894 1500 894 1498 943 1487 1014 1500 1015 1500 1061 1491 1122 1501 1124 1501 1172 1488 1174 1477 1174 1454 1121 1452 1104 1436 1104 1434 1103 1434 1101 1434 1074 1433 1047 1433 1046 1433 1045 1433 1043 1433 1020 1450 965 1443 964 1443 963 1443 942 1448 925 1433 925 1431 924 1431 922 1431 874 1430 872 1430 871 1430 869 1430 846 1445 774 1430 772 1430 771 1430 737 1447 678 1447 575 1426 573 1426 572 1426 571 1426 553 1438 543 1433 541 1433 540 1433 539 1433 537 1433 522 1444 476 1444 476 1468"/></Shape>
	    <String CONTENT="Uedil patre di questo et uedi lauo" HPOS="475.0" VPOS="1426.0" WIDTH="699.0" HEIGHT="75.0"/>
          </TextLine>

          
          
          <TextLine ID="line_21" TAGREFS="LT6362" BASELINE="478 1529 1295 1534" HPOS="476.0" VPOS="1493.0" WIDTH="819.0" HEIGHT="66.0">
            <Shape><Polygon POINTS="478 1529 476 1540 505 1548 507 1548 508 1548 510 1548 523 1543 535 1551 536 1551 537 1551 539 1551 585 1545 596 1554 597 1554 598 1554 600 1554 675 1544 693 1556 694 1556 696 1556 697 1556 790 1547 800 1555 800 1556 801 1556 803 1556 804 1558 864 1558 864 1556 865 1556 885 1548 956 1558 957 1558 958 1558 960 1558 960 1556 971 1548 1056 1554 1057 1554 1058 1554 1085 1545 1154 1558 1156 1558 1157 1558 1192 1548 1229 1559 1231 1559 1232 1559 1293 1545 1295 1534 1292 1497 1267 1505 1242 1497 1240 1497 1239 1497 1238 1497 1236 1497 1235 1497 1193 1509 1120 1498 1106 1497 1104 1497 1085 1498 1008 1508 1000 1500 996 1497 996 1495 994 1495 993 1495 992 1495 940 1498 939 1498 938 1498 935 1501 924 1509 901 1509 892 1501 889 1498 887 1498 886 1498 885 1498 883 1498 878 1501 865 1508 757 1508 753 1502 746 1497 746 1495 744 1495 743 1495 679 1493 647 1493 646 1493 644 1493 643 1493 629 1504 626 1506 546 1506 543 1505 526 1493 525 1493 523 1493 497 1493 496 1493 494 1493 493 1493 478 1502 478 1529"/></Shape>
	    <String CONTENT="Come da sua magion sol con sarra esce" HPOS="476.0" VPOS="1493.0" WIDTH="819.0" HEIGHT="66.0"/>
          </TextLine>

          
          
          <TextLine ID="line_22" TAGREFS="LT6362" BASELINE="479 1583 724 1590 1316 1590" HPOS="475" VPOS="1541" WIDTH="840" HEIGHT="73">
            <Shape><Polygon POINTS="477 1581 475 1614 1313 1614 1315 1589 1315 1562 1236 1562 1232 1560 1215 1545 1213 1545 1211 1545 1209 1545 1157 1558 1155 1558 1153 1558 1140 1545 1138 1545 1136 1545 1134 1545 1132 1545 1103 1556 1088 1562 978 1562 919 1552 877 1545 875 1545 840 1550 775 1558 725 1547 709 1543 706 1543 704 1543 696 1545 661 1560 560 1560 477 1541 477 1581"/></Shape>
	    <String CONTENT="Poi guarda come mare crudel et prauo" HPOS="475" VPOS="1541" WIDTH="840" HEIGHT="73"/>
          </TextLine>

          
          
          <TextLine ID="line_23" TAGREFS="LT6362" BASELINE="475 1645 1242 1654" HPOS="473.0" VPOS="1604.0" WIDTH="769.0" HEIGHT="79.0">
            <Shape><Polygon POINTS="475 1645 473 1656 521 1658 532 1668 532 1669 533 1669 535 1669 536 1669 537 1669 539 1669 554 1661 600 1661 619 1673 621 1673 622 1673 623 1673 701 1669 703 1669 704 1669 719 1661 789 1662 806 1677 807 1677 808 1677 858 1679 860 1680 915 1680 915 1679 917 1679 956 1666 1043 1677 1045 1677 1046 1677 1086 1665 1106 1675 1107 1675 1108 1675 1110 1675 1125 1668 1139 1680 1139 1681 1140 1681 1142 1681 1143 1683 1186 1683 1186 1681 1188 1681 1240 1665 1242 1654 1240 1626 1165 1625 1164 1623 1146 1611 1145 1611 1143 1611 1142 1611 1140 1611 1139 1611 1122 1622 1118 1625 1101 1625 1099 1622 1085 1609 1085 1608 1083 1608 1082 1608 1081 1608 1015 1619 993 1623 983 1619 958 1606 957 1606 956 1606 904 1616 892 1606 890 1606 889 1606 837 1605 836 1605 835 1605 833 1605 821 1615 811 1622 764 1622 747 1613 730 1604 729 1604 728 1604 726 1604 708 1612 693 1619 676 1611 662 1604 661 1604 636 1604 635 1604 633 1604 632 1604 625 1609 611 1619 475 1606 475 1645"/></Shape>
	    <String CONTENT="Uince dauid: et sforçollo ad fare lopra" HPOS="473.0" VPOS="1604.0" WIDTH="769.0" HEIGHT="79.0"/>
          </TextLine>

          
          
          <TextLine ID="line_24" TAGREFS="LT6362" BASELINE="473 1702 1264 1708" HPOS="472.0" VPOS="1668.0" WIDTH="792.0" HEIGHT="65.0">
            <Shape><Polygon POINTS="473 1702 472 1715 518 1726 519 1726 551 1719 576 1730 578 1730 579 1730 580 1730 614 1718 647 1726 648 1726 650 1726 651 1726 653 1726 653 1725 661 1718 668 1718 680 1718 719 1731 721 1731 722 1731 828 1730 829 1730 831 1730 831 1729 840 1719 842 1719 849 1719 953 1731 954 1731 956 1731 981 1720 982 1720 983 1720 1014 1733 1015 1733 1017 1733 1018 1733 1053 1723 1086 1733 1088 1733 1089 1733 1154 1723 1164 1722 1261 1723 1264 1708 1264 1686 1167 1686 1164 1683 1143 1675 1142 1675 1140 1675 1139 1675 1138 1675 1138 1676 1129 1683 1127 1686 1086 1686 1079 1681 1051 1670 1050 1670 1049 1670 999 1680 985 1683 974 1680 944 1670 943 1670 914 1670 913 1670 911 1670 910 1670 910 1672 901 1679 897 1683 833 1677 794 1675 793 1675 792 1675 787 1676 778 1681 771 1676 765 1672 764 1672 762 1672 761 1672 725 1676 671 1681 637 1680 630 1675 622 1668 621 1668 619 1668 618 1668 575 1673 548 1676 536 1672 522 1668 521 1668 519 1668 473 1670 473 1702"/></Shape>
	    <String CONTENT="Onde poi pianga in loco oscuro et cauo" HPOS="472.0" VPOS="1668.0" WIDTH="792.0" HEIGHT="65.0"/>
          </TextLine>

          
          
          <TextLine ID="line_25" TAGREFS="LT6362" BASELINE="473 1751 635 1759 1206 1763" HPOS="472.0" VPOS="1718.0" WIDTH="734.0" HEIGHT="86.0">
            <Shape><Polygon POINTS="473 1751 472 1777 541 1797 543 1797 544 1797 546 1797 579 1780 582 1780 589 1781 625 1787 626 1787 658 1783 679 1780 687 1784 721 1800 722 1800 724 1801 787 1801 787 1800 789 1800 790 1800 806 1787 811 1783 826 1787 835 1790 836 1790 837 1790 860 1788 918 1783 942 1790 944 1791 946 1791 947 1791 949 1791 950 1791 965 1784 975 1791 989 1801 990 1801 992 1801 993 1801 994 1801 1015 1793 1028 1787 1033 1793 1039 1797 1039 1798 1040 1798 1042 1798 1081 1804 1082 1804 1204 1797 1206 1763 1204 1740 1140 1729 1139 1729 1138 1729 1136 1729 1127 1737 1121 1740 1067 1740 1054 1734 1033 1727 1032 1727 1031 1727 1029 1727 1028 1727 1020 1733 1014 1738 1007 1733 993 1723 992 1723 990 1723 989 1723 988 1723 961 1731 944 1737 911 1736 907 1730 899 1723 899 1722 897 1722 896 1722 854 1722 853 1722 851 1722 850 1722 843 1729 832 1737 806 1730 804 1730 803 1730 726 1736 714 1725 711 1722 711 1720 710 1720 708 1720 680 1719 679 1719 678 1719 665 1723 629 1734 612 1726 611 1726 610 1726 608 1726 607 1726 596 1734 548 1726 547 1726 516 1733 501 1719 501 1718 500 1718 498 1718 473 1718 473 1751"/></Shape>
	    <String CONTENT="Simel nebia par che ueli. et cuopra" HPOS="472.0" VPOS="1718.0" WIDTH="734.0" HEIGHT="86.0"/>
          </TextLine>

          
        </TextBlock>
        

        
      </PrintSpace>
    </Page>
  </Layout>
</alto>
