1600 2500
202.0 254.0 686.0 96.0 Del piu sagio figliuol la chiara fama

201.0 358.0 712.0 48.0 Il parte in tucto dal signor di sopra

197.0 394.0 836.0 64.0 De laltro che in un punto ama et dissama

194.0 445.0 764.0 67.0 Uedi thamar chel al suo frate ansalone

191.0 498.0 664.0 68.0 Disdegnoso et dolente se richiama

190.0 556.0 616.0 69.0 Poco dinançi ad lei uidi sansone

202.0 613.0 704.0 73.0 Uia piu forte che sagio: che per circe

195.0 672.0 667.0 65.0 In grembo alla nemica il capo pone

200.0 729.0 736.0 68.0 Uedi ben qui fra quante spate et lance

190.0 784.0 682.0 60.0 Amor, el somno & una uedoetta

188.0 833.0 710.0 71.0 Con bel parlar, et con polite guance

191.0 890.0 695.0 62.0 Uince oloferne: et lei tornar soletta

187.0 947.0 757.0 62.0 Con una ancella et con lorribil teschio

186.0 1008.0 772.0 65.0 Dio ringrantiando ad meça nocte infrecta

183.0 1059.0 807.0 79.0 Uidi sichem el suo sangue che emeschio

183.0 1130.0 667.0 61.0 Dela circumcision et de la morte

184.0 1184.0 741.0 70.0 el patre tolto el popolo ad un ueschio

188.0 1241.0 742.0 70.0 Questo gli ha facto il subito amar forte

184.0 1300.0 788.0 72.0 Uedi assuero el suo amor in qual modo

181.0 1358.0 820.0 64.0 Ua mendicando accioche in pace il porte

179.0 1412.0 744.0 74.0 Dalui se scioglie, et lega al altro nodo.

179.0 1473.0 665.0 65.0 Cotal ha questa malatia remedio

177.0 1527.0 731.0 66.0 Come dasse si trai chiodo con chiodo

186.0 1588.0 711.0 64.0 Uoi uider in un cor dilecto et tedio

183.0 1643.0 851.0 73.0 Dolce et amaro : or mira il grande herode

187.0 1698.0 790.0 93.0 Amor & crudelta gli han posto assedio

1277 110 112 115 169
