1612 2500
480.0 266.0 802.0 77.0 Uedi come arde in prima et poi se rode

483.0 347.0 599.0 50.0 Tardi pentuto de sua feritate

478.0 383.0 735.0 73.0 Mariane chiamando che non lode

476.0 447.0 682.0 62.0 Uedi tre belle donne innamorate

478.0 495.0 623.0 67.0 Pocri Arthemisia. et deidamia

476.0 554.0 617.0 68.0 Et altartante ardite et scelerate

472.0 613.0 631.0 66.0 Semiramis Biblis & mirra ria

472.0 670.0 721.0 73.0 Come ciascuna par che se uergogni

480.0 730.0 692.0 64.0 Dela sua non concessa & torta uia

480.0 777.0 792.0 66.0 Ecco quei chele carte empiono di sogni

476.0 826.0 746.0 72.0 Lancilocto. tristano. et laltri erranti

468.0 891.0 849.0 71.0 Onde conuien chel uulgo errante agogni

469.0 950.0 796.0 63.0 Uedi lsotta. Ginebra. et laltre amanti

468.0 1004.0 753.0 71.0 Et la coppia de Arimino chen sieme

469.0 1063.0 632.0 71.0 Uanno facendo dolorosi pianti

469.0 1126.0 740.0 74.0 Cossi parlaua: et io come chi teme

466.0 1190.0 798.0 65.0 Futuro male: et teme ançi la tromba

475.0 1250.0 886.0 70.0 Sentendo gia oue altri ancor nol preme

466.0 1305.0 852.0 65.0 Hauer color de huom tracto duna tomba

461.0 1361.0 763.0 64.0 Quando una iouinecta ebbi da lato

464.0 1423.0 800.0 65.0 Pura assai piu che candida colomba

468.0 1483.0 774.0 67.0 Ella mi prese: et io me haurei iurato

473.0 1536.0 862.0 70.0 Difendermi da un huom couerto darmi

464.0 1598.0 756.0 67.0 Con parole: et con cenni fui legato

468.0 1658.0 692.0 62.0 Et come ricordar di uero parmi

472.0 1715.0 702.0 80.0 L amico mio piu presso mi se fece
