1888 2500
444.0 290.0 1036.0 89.0 presti & piu uicini perche grande parte dellisola di ci

441 358 1038 75 cilia possedeuano niente di meno li mamertini per

443.0 426.0 1056.0 60.0 che erano gente italica piu sinchinauano auolere

441.0 475.0 1041.0 63.0 nelle mani del popolo romano se & la salute sua ripo

444.0 530.0 1035.0 61.0 sare Diche subito elessero anbansciatori & mandaro

445.0 586.0 1037.0 69.0 nli aroma a pregare il senato & il popolo che prendere

445.0 644.0 1031.0 58.0 li uolese & danimici difenderli al senato nella prima

461.0 702.0 1022.0 75.0 giunta delli ambosciadori pareua la cosa di grande bi

443.0 762.0 1044.0 69.0 asimo che essi i quali contro la sua propria legione per la

445.0 815.0 1051.0 75.0 fede rotta a reggini aueano tanto seueramente facto

447.0 876.0 1039.0 62.0 uendetta & punitione ora desse aiuto a mamertini di

445.0 925.0 1041.0 68.0 simile dilitto nocenti & rei & per questo inniuno modo

448.0 979.0 1035.0 73.0 delibera il senato riceuere imamertini o messina x

447.0 1033.0 1043.0 83.0 pigliare che bene che utile fusse nolla patiua lonesta x

452.0 1095.0 1023.0 78.0 & per questo la cosa si staua inaspetto ne conclusione alc

450.0 1161.0 1019.0 66.0 una si prendea parendo ripugniare lutile

451.0 1209.0 1027.0 78.0 & lonesta per questa lungeza & indugio li legati dem

447.0 1268.0 1035.0 69.0 amertini ricorsero al popolo & altribuni della plebe &

448.0 1329.0 1038.0 69.0 quiui perche la moltitudine nonfe gran caso dellone

450.0 1384.0 1037.0 71.0 sta ageuolmente si delibero de riceuerli. Mosse a questo

452.0 1443.0 1031.0 79.0 fare il popolo romano la gelosia de cartaginesi la potenzi

454.0 1504.0 1042.0 71.0 a de quali &era gia grandissima & merita mente dat

454.0 1562.0 1018.0 63.0 emerla ê‘o chettenea non solamente affrica tucta ma

455.0 1619.0 1035.0 65.0 etiandio parte della spagna con tutte lisole del ma x

459.0 1670.0 1027.0 73.0 re di toscana & di sardingna e gran parte dellisola di

459.0 1719.0 1017.0 76.0 cicilia & uedeuasi chiaro chennoriceuendo imam

458.0 1772.0 1010.0 97.0 ertini tutta cicilia in breue tenpo nelle mani deca
