3968 2768
564 667 88 94 p

862 326 772 64 che questa e iusta pena se ben note

916 376 752 65 cħ quel cħ e amato dallo amor lassciuo

916 432 606 53 ⁊ larcho ⁊ la sayecta cħ ꝑcuote

875 475 806 69 El cuore del tristo amante quãdo e uiuo

925 528 702 62 ⁊ lacto consumato e il bructo fango

925 575 705 67 el quale infastidissce ⁊ uiene a schiuo

896 622 765 70 E io con questo in sempiterno piangno

808 667 1076 71 Incomẽza el quarto e ultimo libro del sopradt̃o  ness. F. ĩtitulato

918 712 994 72 del regno dele uirtute. Capͦ pͦ prquo lassciata la prima tera

929 756 992 60 de uitii. de te cose entra nel sereno paese leuato el sole ⁊ scoua

936 798 988 60 el paradiso tẽrestre ⁊ pone el suo sito ⁊ laguãdia angelica Ii

936 837 994 64 eroduce ĩesso lautore humiliato Et minerua recõmãda lautore

1686 878 279 53 ad henoch ⁊ helya et

893 911 783 76 Lassciata ad dietro hauea la praua terra

1684 908 286 65 descriuese lautore del

765 950 157 94 L

936 973 551 61 dey uitii la maligna schiera

1679 957 295 62 pomo uetito e larbore

1679 994 231 57 della uita .~:~

944 1021 695 64 et trapassato hauea tucta lor guẽra

942 1067 577 67 E sopra loriçonte gia el sole era

955 1125 664 57 ben quatro gradi ĩ quella parte posto

942 1164 614 66 cħ li fa stare ⁊ qui fa primauera

896 1211 674 69 Quando ꝑ poder giungere piu tosto

936 1267 737 64 andaua dietro alla scorta benengna

947 1313 644 69 la quale ad sequitare auera disposto

922 1368 652 55 Decto mi auea cħ nulla e cħ ꝑuegna

955 1417 573 53 ad alto fine ouero ad nobilcosa

948 1463 603 71 se nõ chi saffatiga o chi singegna

925 1519 589 60 Onde io ꝑ quella uia si fatigosa

948 1562 611 58 andaua ĩ frecta come el pelegrino

961 1605 661 66 cħ in sĩ cħ giugne al termine nõ posa

919 1651 788 82 Cuando fuy apresso al fine di quella camino

955 1710 493 64 el paradiso uidi cħ e tẽrestõ

958 1754 601 71 el qual fe dio ꝑ singular giardino

927 1808 586 69 Et segli ebello pensise el maestro

968 1854 637 69 el quale el fece ⁊ posel doue el sole

967 1906 612 71 ha piu uertu e il cielo allato destõ

935 1954 564 66 Il era un piano di rose ⁊ de uiole

953 1999 646 69 ⁊ daltri fiori e dimaggiur fragrãça

962 2052 625 73 cħ qui doue siam noy esser nõ suole

1333 85 106 152 L

2129 332 812 85 Che ogne luocho quanteo ha piu distança

2150 422 719 87 ⁊ quanto piu sapp̃ssa in uẽtu auança

2160 381 705 68 da quello luocho tanta ha uertu meno

2123 479 614 79 Tra quegli fiori e auere sereno

2162 528 614 65 tra dolci melodie di quel piano

2167 579 584 66 io trapassay di dolci canti pieno

2136 621 718 86 da quel giardino era io pocho lontano

2170 675 690 75 che io uidi un seraphino ĩ sulla porta

2167 722 589 73 che posto li da dio ꝑ guardiano

2151 770 760 78 El quale un gran coltel nella man poͬta

2176 816 604 71 ⁊ luno e laltro e dicolor di fuocho

2167 870 769 71 tal cħ lor fiãma al sole nõ parea smorta

2145 916 734 74 Quando app̃ssaro allui mi fuy un pocho

2170 970 516 75 egli mi disse la spada uibrando

2151 1061 771 80 Dal qual ꝑ colpa fu lhuomo messo ĩ bando

2199 1014 681 74 guarda come trapassa ad quisto luocho

2171 1121 572 63 nõ solamente ꝑ gustar del pomo

2143 1214 751 63 Minẽua ad me insegniato hauea si como

2182 1162 589 71 ma ꝑ cħ trapasso di dio el comando

2177 1260 688 73 lantrata da quello angelo si chiede

2179 1314 673 62 senza el qual modo nõ ueniua may hõ

2170 1360 667 80 yn terra mi prostray dal capo al piede

2179 1413 620 64 ciue in croce spasi le mie braccia

2183 1457 697 71 come nel legno quel cħ ad noy si diede

2162 1508 684 74 Et dissi o agnel priego che ti piaccia

2213 1556 593 70 ꝑ lamor del signore cħ esi cortese

2194 1602 708 68 che neuno cħ alluy torni may discaccia

2174 1646 715 74 Che tu mi lassci entrare nel bel payese

2193 1697 695 69 tu sai chegli alla duone su nella croce

2197 1743 600 71 simile gratia fe quando glil chese

2168 1793 671 67 L agnelo allora al suono desta uoce

2191 1846 686 62 la porta aprio ⁊ diedene la entrata

2199 1894 624 63 leuãdo uia el coltel tanto feroce

2143 1939 733 65 Come buona sperança el cuor dilata

2211 1986 677 68 della alegreça tale ad me quello orto

2199 2037 583 77 dauar letitia la ꝯtrada grata

2583 147 109 90 4

2103 1937 56 55 20

3425 179 150 72 36
