1855 2500
114 327 1042 54 Quando uorrete fare la ur̃a pictura porrete questo ĩstrumento

166.0 372.0 987.0 59.0 in luogo piano & alto donde uoi possiate uedere molti luoghi

152.0 415.0 1009.0 66.0 della terra quale uoi uolete ritrarre. come sono campanili tõ

150.0 466.0 993.0 60.0 re & simili. Et habiate un filo con uno piombino & scostateui

151.0 511.0 1005.0 64.0 da questo instrumento due braccia & mirate auna auna le

151.0 554.0 1009.0 69.0 cose note ĩmodo chel uedere ur̃o passi auno riguardo ꝑ il filo piõ

150.0 606.0 994.0 57.0 binato & ꝑ mezo del centro del cerchio & dirizisi alla torre

150.0 651.0 1019.0 67.0 qual uoi mirate. Et secondo il numero chel uedere tagliera ad le

151.0 697.0 1028.0 55.0 xtremita del circulo uerso doue uoi mirate: cosi uoi fate memori

152.0 744.0 1023.0 69.0 su qualche ur̃a carta di ꝑse. Uerbi gratia. Fingete dessere su la tõ

155.0 794.0 1014.0 62.0 re del castello col ur̃o instrumento et mirate la porta lassu &

152.0 837.0 1020.0 65.0 uedrete chel uedere passa pel .xx. gradi doue e la diuisione .ii. mi

151.0 888.0 1014.0 60.0 nuti scriuete su la ur̃a carta porta di sopra .xx. gradi & minuti

152.0 933.0 1033.0 57.0 & non mouete linstrumento ma moueteui uoi et mirate gliangłi

154.0 981.0 1011.0 63.0 forse il mirar ur̃o battera sopra doue stara scripto nellinstrumen

152.0 1034.0 1006.0 57.0 to.xxxii. gradi & niuno minuto piu scriuete anguli.xxxii. &

152.0 1076.0 1022.0 64.0 cosi simile tutti glialtri sanza muouere linstrumento. Facto questo

154.0 1123.0 1034.0 63.0 andrete altroue in luogo pur simile & ueduto da questo primo e

158.0 1168.0 1039.0 65.0 porrete il ur̃o instrumento & statuiretelo cħ proprio stia su lalinca

155.0 1212.0 1035.0 68.0 medesima di q̃l numero pel quale uoi prima lo uedesti al diric

155.0 1261.0 1024.0 57.0 to sul ur̃o instrumento. cioe che se da quella torre prima sino aꝗ

157.0 1311.0 1022.0 59.0 una naue hauesse a nauicare uerrebbe ꝑ quel medesimo uento se

157.0 1356.0 1014.0 67.0 gnato. o.xx. ccii. o uero.xxxii o. & simile. Et qui farete pu

158.0 1404.0 1006.0 58.0 re il simile come uoi. facesti al castello noterete dintorno & fa

158.0 1455.0 660.0 53.0 rete di tutto memoria su unaltra cartuccia

120 1495 1053 75 I tem piu. andrete a un altro terzo luogo & pur farete il simile no

151.0 1550.0 1056.0 58.0 tando tutto & di tutto facciendo memoria pongoui la pictura

155.0 1591.0 1030.0 72.0 di questo modo che douete obseruare. la qual pictura sara dimõ

165.0 1647.0 360.0 61.0 stratiua come e decto.

1102 293 65 44 27
