1845 2500
698 279 48 23 28

1031 295 353 123 La lima sta nel suo numero ello

1027 402 344 75 Strumẽto e posto su quella lima

1127 458 103 62 cioe z4

647 1193 1036 77 Addunq farete cosi: Comincierete sulla ur̃a tauola doue uolete fa

680 1245 1017 74 re la pictura & fate un puncto doue ui pare apto a la figura di tut

677 1293 1002 69 ta la pictura. & questo sia il sito duno di quelli luoghi donde

677 1336 1001 75 uoi notasti le cose. Uerbi gr̃a sia il castello scriuete ꝗ sopra el fc̃o

680 1386 1012 75 puncto el CASTELLO. & in su questo puncto ponete i piccolo ĩstru

677 1438 999 67 mento di carta largo mezo palmo partito & facto simile a q̃llo

676 1479 996 72 grande col quale uoi notasti le cose & assettatelo cħl suo centro

676 1522 988 80 stia ꝓprio ĩ su questo puncto. & di qui dirizate tutte le ur̃e li.

675 1573 997 78 nee secondo che trouate scripto nella ur̃a memoria. Simile fate

675 1620 990 82 un secondo puncto doue uipare nella linea teste da uoi notata

671 1668 1011 73 alla tauola qual linea uinomina uno de glialtri due luoghi doue

672 1719 1003 81 uoi mirasti le cose. E in su questo puncto secondo ponete pure i si

671 1761 998 76 mile ĩstrumento piccolo di carta & assettatelo che risponda alla

665 1811 1018 83 linea al numero qual nomina su la ur̃a memoria CASTELLO. cioe
