1839 2499
243 233 1039 110 Nel petto gli chrescea ognor lardore

308 318 779 94 di questa santa e graziosa dea

340.0 379.0 998.0 88.0 la quale per dõna gli hauea dato amore

319.0 440.0 664.0 98.0 E ꝑ ꝯftorto de sua uita rea

313.0 517.0 888.0 78.0 Era si uaga e tenera del suo honore

306.0 585.0 853.0 86.0 Che senpre honesta sua uita regea

311.0 656.0 862.0 93.0 benche molti si chredeano

304 722 903 92 Accender lei damor come gli ardeano

214 837 873 120 Era si pasionato Uberto allora

316.0 912.0 1006.0 101.0 che gia ĩpalidito auea al uiso chiaro

312.0 996.0 947.0 96.0 fra se dicendo oyme tuuoi chio mora

327.0 1073.0 982.0 86.0 Donna chrudele in questo pianto amaro

320.0 1138.0 917.0 79.0 Euerso lei mouea ad hora ad hora

320.0 1199.0 902.0 104.0 El so parlare che a molto gli era charo

337.0 1284.0 874.0 84.0 dolersi di so pene cõ presente

381.0 1352.0 826.0 90.0 Lei fussi stata a tutti sua tormente

237 1449 858 114 Dicendo o uiso dolce ⁊ gratioso

334.0 1532.0 770.0 85.0 Uera speranza dogni mio disio

334.0 1591.0 827.0 80.0 Uberto de mia uita ⁊ car riposo

899 1638 84 40 men

334.0 1646.0 770.0 86.0 Dicia piangendo cũ tor‸to rio

337.0 1703.0 813.0 99.0 ꝑ che nõmostri el uiso tuo piatoso

348.0 1768.0 815.0 97.0 A me dolente e uidi chol chor mio

325.0 1833.0 916.0 94.0 Damor si lacerato chio nõ bramo

348.0 1896.0 885.0 103.0 Altro che morte e quella solo chiamo

1290 201 70 7 3
