<?xml version="1.0" encoding="UTF-8"?>
<alto xmlns:xsi="http://www.w3.org/2001/XMLSchema-instance"
      xmlns="http://www.loc.gov/standards/alto/ns-v4#"
      xsi:schemaLocation="http://www.loc.gov/standards/alto/ns-v4# http://www.loc.gov/standards/alto/v4/alto-4-2.xsd">
  <Description>
    <MeasurementUnit>pixel</MeasurementUnit>
    <sourceImageInformation>
      <fileName>fol-3r.jpg</fileName>
      <fileIdentifier>mets//bodleian-library-ms-canon-ital-260-mets.zip/fol-3r.jpg</fileIdentifier>
    </sourceImageInformation>
  </Description>
  
  <Tags>
    <OtherTag ID="BT15093" LABEL="MainZone" DESCRIPTION="block type MainZone"/><OtherTag ID="BT15094" LABEL="MarginTextZone" DESCRIPTION="block type MarginTextZone"/><OtherTag ID="BT15096" LABEL="DropCapitalZone" DESCRIPTION="block type DropCapitalZone"/><OtherTag ID="BT15095" LABEL="DigitizationArtefactZone" DESCRIPTION="block type DigitizationArtefactZone"/><OtherTag ID="BT16576" LABEL="DamageZone" DESCRIPTION="block type DamageZone"/><OtherTag ID="BT16585" LABEL="StampZone" DESCRIPTION="block type StampZone"/><OtherTag ID="BT16581" LABEL="NumberingZone" DESCRIPTION="block type NumberingZone"/><OtherTag ID="BT16583" LABEL="RunningTitleZone" DESCRIPTION="block type RunningTitleZone"/>
    <OtherTag ID="LT6365" LABEL="HeadingLine" DESCRIPTION="line type HeadingLine"/><OtherTag ID="LT6366" LABEL="DefaultLine" DESCRIPTION="line type DefaultLine"/><OtherTag ID="LT6928" LABEL="InterlinearLine" DESCRIPTION="line type InterlinearLine"/>
  </Tags>
  
  <Layout>
    <Page WIDTH="1944"
          HEIGHT="2501"
          PHYSICAL_IMG_NR="4"
          ID="eSc_dummypage_">
      <PrintSpace HPOS="0"
                  VPOS="0"
                  WIDTH="1944"
                  HEIGHT="2501">
        
        <TextBlock HPOS="188"
                   VPOS="278"
                   WIDTH="1156"
                   HEIGHT="1572"
                   ID="block_0"
                   TAGREFS="BT15093">
          <Shape><Polygon POINTS="1344 278 1344 1850 188 1850 188 278"/></Shape>
          
          
          <TextLine ID="line_0"
                    TAGREFS="LT6366"
                    BASELINE="213 330 1181 326" 
                    HPOS="212.0"
                    VPOS="282.0"
                    WIDTH="969.0"
                    HEIGHT="70.0">
            <Shape><Polygon POINTS="213 330 213 343 376 343 382 344 408 351 409 351 411 352 468 352 468 351 469 351 471 351 479 344 480 343 508 344 618 350 619 351 661 351 661 350 662 350 664 350 669 344 673 341 692 344 721 348 722 348 755 344 779 341 787 344 800 350 801 350 803 350 914 344 1011 340 1047 344 1075 348 1076 348 1179 344 1181 326 1178 293 1106 284 1104 284 1056 293 1053 293 1051 293 1028 283 1026 283 1025 283 1024 283 1022 283 1007 293 1006 294 936 294 936 293 910 282 908 282 907 282 905 282 904 282 904 283 892 293 892 294 844 294 843 294 818 282 817 282 815 282 814 282 782 290 765 282 764 282 647 282 646 282 644 282 643 282 643 283 632 293 591 294 589 294 565 282 564 282 534 282 533 282 532 282 501 295 484 295 418 295 416 295 396 283 394 283 393 283 355 283 354 283 352 283 320 295 277 286 276 286 212 295 213 330"/></Shape>
	    <String CONTENT="metandolo suso el luogo deli pelli. Ancora Lesan"
                    HPOS="212.0"
                    VPOS="282.0"
                    WIDTH="969.0"
                    HEIGHT="70.0"></String>
          </TextLine>

          
          
          <TextLine ID="line_1"
                    TAGREFS="LT6366"
                    BASELINE="209 380 1171 377" 
                    HPOS="208.0"
                    VPOS="341.0"
                    WIDTH="963.0"
                    HEIGHT="60.0">
            <Shape><Polygon POINTS="209 380 209 401 290 400 291 400 293 400 304 391 401 400 414 400 415 400 416 400 421 398 448 391 504 398 523 400 525 400 543 397 572 393 587 397 597 400 598 400 600 400 651 395 726 390 748 394 768 398 769 398 771 398 783 394 796 390 807 394 819 398 821 398 822 398 861 393 885 390 897 393 921 398 922 398 924 398 954 391 965 390 974 391 1007 398 1008 398 1061 390 1068 390 1074 390 1143 398 1145 398 1146 398 1171 389 1171 377 1170 355 1135 344 1133 344 1132 344 1131 344 1106 355 1063 355 1006 355 1006 354 976 341 975 341 951 341 950 341 949 341 947 341 933 352 924 345 922 345 921 345 919 345 918 345 897 351 886 343 886 341 885 341 883 341 882 341 842 350 807 341 805 341 804 341 803 341 801 341 783 354 782 355 650 355 646 354 628 343 626 343 625 343 623 343 622 343 585 354 576 355 457 352 405 352 393 343 391 343 390 343 322 343 320 343 319 343 290 352 280 355 268 352 226 343 225 343 223 343 208 350 209 380"/></Shape>
	    <String CONTENT="suge de lago e impiastra cũ asedo fortissimo e piste"
                    HPOS="208.0"
                    VPOS="341.0"
                    WIDTH="963.0"
                    HEIGHT="60.0"></String>
          </TextLine>

          
          
          <TextLine ID="line_2"
                    TAGREFS="LT6366"
                    BASELINE="212 423 1185 426" 
                    HPOS="211.0"
                    VPOS="387.0"
                    WIDTH="974.0"
                    HEIGHT="57.0">
            <Shape><Polygon POINTS="1135 387 1133 387 1132 387 1085 400 1065 387 1064 387 1063 387 1058 387 1044 387 1031 387 1017 387 1012 387 1011 387 1010 387 1008 387 997 395 986 387 985 387 983 387 975 387 961 387 954 387 953 387 951 387 950 387 935 400 922 391 921 391 919 391 918 391 885 398 861 391 860 391 858 391 857 391 842 400 837 401 829 398 812 394 811 394 810 394 783 398 773 400 771 398 753 387 751 387 750 387 739 387 725 387 719 387 718 387 717 387 696 398 692 400 685 398 648 387 641 387 636 387 608 397 598 401 525 401 512 395 483 387 482 387 480 387 479 387 459 395 450 401 386 401 379 395 369 387 368 387 366 387 365 387 364 387 350 393 344 387 336 387 333 387 312 394 295 400 212 394 212 423 211 432 234 441 236 441 237 441 297 434 316 441 318 441 319 441 390 434 408 441 409 441 411 443 521 443 521 441 522 441 523 441 530 434 540 441 541 441 543 441 544 441 580 434 700 443 701 444 878 444 878 443 879 443 880 443 890 436 1129 443 1131 443 1183 434 1185 426 1185 402 1136 387 1135 387"/></Shape>
	    <String CONTENT="non lasa nascere pelli. Ancora prende el laudano"
                    HPOS="211.0"
                    VPOS="387.0"
                    WIDTH="974.0"
                    HEIGHT="57.0"></String>
          </TextLine>

          
          
          <TextLine ID="line_3"
                    TAGREFS="LT6366"
                    BASELINE="211 469 1161 476" 
                    HPOS="209.0"
                    VPOS="432.0"
                    WIDTH="952.0"
                    HEIGHT="59.0">
            <Shape><Polygon POINTS="211 469 209 479 218 486 219 486 220 486 222 486 265 479 275 486 276 486 277 486 279 486 329 480 401 487 402 487 590 480 612 489 614 489 615 489 780 482 810 490 811 490 812 490 1017 484 1129 491 1131 491 1132 491 1160 483 1161 476 1161 451 1136 437 1135 437 1133 437 1038 450 1036 450 1035 450 968 436 967 436 965 436 929 450 893 450 797 450 796 448 780 441 779 441 778 441 703 447 668 434 666 434 665 434 565 446 546 433 544 433 543 433 512 433 511 433 509 433 508 433 508 434 496 446 454 433 452 433 451 433 450 433 448 433 439 440 412 433 411 433 409 433 408 433 383 446 357 446 287 446 286 444 254 432 252 432 251 432 250 432 211 443 211 469"/></Shape>
	    <String CONTENT="e la guma dela edera elo xuripimento eli oui de"
                    HPOS="209.0"
                    VPOS="432.0"
                    WIDTH="952.0"
                    HEIGHT="59.0"></String>
          </TextLine>

          
          
          <TextLine ID="line_4"
                    TAGREFS="LT6366"
                    BASELINE="213 512 1181 518" 
                    HPOS="213.0"
                    VPOS="476.0"
                    WIDTH="968.0"
                    HEIGHT="60.0">
            <Shape><Polygon POINTS="213 512 213 530 448 525 459 530 465 533 466 533 468 533 469 533 480 530 498 526 558 530 608 533 610 533 611 533 621 530 633 526 661 530 697 534 698 534 760 529 786 527 794 529 812 534 814 534 815 534 989 529 1003 529 1004 529 1025 536 1026 536 1028 536 1179 527 1181 518 1181 494 1150 480 1149 480 1147 480 1088 493 1060 480 1058 480 1057 480 1008 490 983 480 982 480 981 480 979 480 978 480 961 491 919 479 918 479 917 479 915 479 883 493 837 493 748 493 748 491 721 479 719 479 718 479 637 490 616 477 615 477 614 477 565 477 564 477 562 477 541 489 521 477 519 477 518 477 516 477 515 477 501 489 486 477 484 477 483 477 482 477 480 477 448 489 375 482 373 482 339 489 236 476 234 476 233 476 213 486 213 512"/></Shape>
	    <String CONTENT="formige, e de lasedo mesedado queste chosse insen"
                    HPOS="213.0"
                    VPOS="476.0"
                    WIDTH="968.0"
                    HEIGHT="60.0"></String>
          </TextLine>

          
          
          <TextLine ID="line_5"
                    TAGREFS="LT6366"
                    BASELINE="211 557 1190 562" 
                    HPOS="209.0"
                    VPOS="526.0"
                    WIDTH="981.0"
                    HEIGHT="56.0">
            <Shape><Polygon POINTS="211 557 209 568 230 579 232 579 233 579 279 571 322 579 323 579 325 579 352 571 455 580 457 580 501 572 503 572 546 572 547 572 558 580 559 580 561 580 562 582 610 582 610 580 611 580 625 573 628 572 639 573 701 582 703 582 704 582 705 582 714 573 715 573 718 573 751 582 753 582 1189 579 1190 562 1190 539 1100 530 1099 530 1065 536 1050 539 1031 536 993 530 992 530 990 530 978 536 972 539 830 539 821 533 812 529 811 529 810 529 789 533 765 537 711 532 679 529 678 529 639 530 557 536 546 530 543 527 541 527 540 527 539 527 522 529 476 536 354 536 343 527 341 527 340 527 339 527 337 527 294 534 211 526 211 557"/></Shape>
	    <String CONTENT="bre et in quel luogo o che tu li meterai nõ nascera"
                    HPOS="209.0"
                    VPOS="526.0"
                    WIDTH="981.0"
                    HEIGHT="56.0"></String>
          </TextLine>

          
          
          <TextLine ID="line_6"
                    TAGREFS="LT6366"
                    BASELINE="213 603 1185 609" 
                    HPOS="212.0"
                    VPOS="568.0"
                    WIDTH="973.0"
                    HEIGHT="61.0">
            <Shape><Polygon POINTS="213 603 212 612 244 622 245 622 247 622 248 622 265 615 362 615 408 625 409 625 471 618 569 623 571 623 572 623 593 616 622 626 623 626 625 626 757 618 807 628 808 628 857 619 872 626 874 626 1007 629 1008 629 1010 629 1025 622 1044 629 1046 629 1047 629 1049 629 1074 621 1183 621 1185 609 1183 587 1113 587 1111 586 1096 573 1094 573 1093 573 996 573 994 573 993 573 992 573 974 584 972 586 797 586 792 583 743 571 742 571 740 571 692 582 618 571 616 571 615 571 594 582 580 572 579 572 578 572 576 572 575 572 543 582 541 582 521 582 491 582 468 569 466 569 465 569 464 569 441 579 427 569 426 569 425 569 423 569 422 569 394 576 380 568 379 568 377 568 337 568 336 568 334 568 305 580 304 580 213 580 213 603"/></Shape>
	    <String CONTENT="mai pelli. Ancora ellate de cane unçando el luogo"
                    HPOS="212.0"
                    VPOS="568.0"
                    WIDTH="973.0"
                    HEIGHT="61.0"></String>
          </TextLine>

          
          
          <TextLine ID="line_7"
                    TAGREFS="LT6366"
                    BASELINE="212 648 1186 655" 
                    HPOS="211.0"
                    VPOS="615.0"
                    WIDTH="975.0"
                    HEIGHT="58.0">
            <Shape><Polygon POINTS="212 648 211 655 273 668 275 668 276 668 277 668 293 658 332 665 333 665 377 658 405 669 407 669 408 671 572 671 572 669 573 669 600 659 628 671 629 671 630 671 796 661 853 669 854 669 990 662 1028 673 1029 673 1031 673 1125 666 1163 673 1164 673 1165 673 1185 662 1186 655 1185 630 1100 621 1099 621 1053 628 912 621 911 621 910 621 890 628 889 628 885 628 829 621 828 621 826 621 801 628 798 628 797 628 789 619 787 619 786 619 785 619 737 625 722 618 721 618 719 618 678 626 675 626 664 618 662 618 661 618 601 616 568 616 566 616 565 616 564 616 554 625 514 625 461 625 451 616 450 616 448 616 447 616 446 616 430 625 429 625 376 625 376 623 366 615 365 615 364 615 362 615 361 615 327 623 326 623 212 623 212 648"/></Shape>
	    <String CONTENT="non lasa nascere pelli. Sisto et otauiano et Galie"
                    HPOS="211.0"
                    VPOS="615.0"
                    WIDTH="975.0"
                    HEIGHT="58.0"></String>
          </TextLine>

          
          
          <TextLine ID="line_8"
                    TAGREFS="LT6366"
                    BASELINE="215 693 1178 701" 
                    HPOS="213.0"
                    VPOS="654.0"
                    WIDTH="965.0"
                    HEIGHT="67.0">
            <Shape><Polygon POINTS="215 693 213 703 247 714 248 714 250 714 304 705 315 714 316 714 318 714 319 714 358 708 380 715 382 715 383 715 512 707 544 716 546 716 547 718 690 718 690 716 692 716 710 710 817 716 818 716 855 710 887 719 889 719 890 719 892 719 917 711 1011 711 1039 721 1040 721 1042 721 1082 712 1131 721 1132 721 1176 711 1178 701 1178 675 1142 661 1140 661 1139 661 1051 673 1040 675 1038 673 1031 668 1029 668 1028 668 1026 668 969 673 958 673 957 673 929 659 928 659 926 659 868 666 857 658 855 658 854 658 833 658 832 658 830 658 829 658 829 659 818 669 793 658 792 658 739 658 737 658 736 658 704 671 700 672 692 671 618 657 583 657 582 657 580 657 547 669 543 671 534 669 468 658 466 658 465 658 464 658 448 669 447 671 376 671 372 668 326 654 325 654 297 654 295 654 294 654 293 654 273 668 272 668 215 668 215 693"/></Shape>
	    <String CONTENT="no dise questo medesimo de lo suo sangue. An"
                    HPOS="213.0"
                    VPOS="654.0"
                    WIDTH="965.0"
                    HEIGHT="67.0"></String>
          </TextLine>

          
          
          <TextLine ID="line_9"
                    TAGREFS="LT6366"
                    BASELINE="212 739 1206 744" 
                    HPOS="211.0"
                    VPOS="703.0"
                    WIDTH="995.0"
                    HEIGHT="61.0">
            <Shape><Polygon POINTS="212 739 211 748 266 757 268 757 414 751 462 760 464 760 465 760 497 751 529 760 530 760 532 760 685 751 690 751 692 751 726 761 728 761 729 761 773 753 814 753 826 761 828 761 829 761 830 761 869 753 925 761 926 761 978 754 992 762 993 762 994 762 996 764 1178 764 1178 762 1179 762 1204 753 1206 744 1206 719 1190 707 1189 707 1188 707 1165 707 1164 707 1163 707 1161 707 1145 721 1036 721 957 705 956 705 914 707 912 707 889 718 874 711 872 711 871 711 808 716 796 707 796 705 794 705 793 705 792 705 733 716 710 704 708 704 707 704 705 704 666 718 615 718 555 718 554 716 537 704 536 704 534 704 533 704 532 704 504 714 461 703 459 703 375 703 373 703 372 703 341 715 340 715 212 715 212 739"/></Shape>
	    <String CONTENT="cora metti ĩ lo bagno de la poluere dela rana uerde"
                    HPOS="211.0"
                    VPOS="703.0"
                    WIDTH="995.0"
                    HEIGHT="61.0"></String>
          </TextLine>

          
          
          <TextLine ID="line_10"
                    TAGREFS="LT6366"
                    BASELINE="213 783 1157 791" 
                    HPOS="212.0"
                    VPOS="743.0"
                    WIDTH="945.0"
                    HEIGHT="64.0">
            <Shape><Polygon POINTS="213 783 212 794 386 803 387 803 511 797 526 797 528 797 540 804 541 804 543 804 664 798 673 798 675 798 696 805 697 805 698 805 832 800 839 800 840 800 860 807 861 807 862 807 1156 801 1157 791 1157 762 1145 755 1143 755 1142 755 1140 755 965 761 946 761 944 761 922 748 921 748 861 748 860 748 858 748 839 757 786 747 785 747 783 747 751 758 746 760 743 758 728 747 726 747 725 747 723 747 722 747 694 757 687 760 680 757 655 746 654 746 653 746 651 746 616 755 615 755 580 746 579 746 578 746 576 746 553 754 541 758 530 754 503 744 501 744 500 744 498 744 469 754 457 757 341 757 334 751 325 743 323 743 322 743 295 743 294 743 293 743 291 743 282 751 275 757 250 757 243 750 234 743 233 743 232 743 230 743 229 743 213 748 213 783"/></Shape>
	    <String CONTENT="brusa e tuti li pelli de color che se bagnera iue"
                    HPOS="212.0"
                    VPOS="743.0"
                    WIDTH="945.0"
                    HEIGHT="64.0"></String>
          </TextLine>

          
          
          <TextLine ID="line_11"
                    TAGREFS="LT6366"
                    BASELINE="215 833 1132 830" 
                    HPOS="213.0"
                    VPOS="798.0"
                    WIDTH="919.0"
                    HEIGHT="57.0">
            <Shape><Polygon POINTS="215 833 215 843 275 850 276 850 350 844 375 843 382 844 409 854 411 854 412 854 414 854 437 844 444 843 551 843 559 846 580 854 582 854 583 855 671 855 671 854 672 854 694 847 711 842 796 847 842 850 843 850 860 847 894 842 905 848 912 853 914 853 915 853 917 853 1131 848 1132 830 1129 810 1028 810 1017 800 1017 798 1015 798 1014 798 1012 798 950 810 836 810 797 798 796 798 794 798 793 798 764 805 704 798 703 798 661 808 626 800 625 800 623 800 622 800 585 810 583 811 498 811 498 810 484 800 483 800 482 800 405 800 404 800 327 810 305 800 304 800 302 800 301 800 300 800 300 801 291 808 280 801 279 801 277 801 223 800 222 800 220 800 219 800 219 801 213 805 215 833"/></Shape>
	    <String CONTENT="dentro caçera. Lo exꝑimentatore. Ancora"
                    HPOS="213.0"
                    VPOS="798.0"
                    WIDTH="919.0"
                    HEIGHT="57.0"></String>
          </TextLine>

          
          
          <TextLine ID="line_12"
                    TAGREFS="LT6366"
                    BASELINE="218 875 614 882 1186 879" 
                    HPOS="218.0"
                    VPOS="839.0"
                    WIDTH="968.0"
                    HEIGHT="61.0">
            <Shape><Polygon POINTS="218 875 220 896 230 889 298 889 307 896 308 897 309 897 311 897 312 897 314 897 319 896 336 889 394 896 404 896 405 896 412 896 459 889 491 896 509 898 511 898 558 896 593 893 598 896 608 900 610 900 611 900 612 900 623 896 629 893 653 896 698 900 700 900 701 900 711 896 718 892 728 896 740 900 742 900 743 900 828 898 829 898 830 898 836 896 844 890 855 896 868 900 869 900 871 900 872 900 880 896 890 890 949 896 992 898 993 898 1014 896 1043 890 1075 896 1108 900 1110 900 1185 894 1186 879 1183 855 1061 855 1057 853 1022 840 1021 840 1019 840 1018 840 989 847 931 840 929 840 928 840 889 850 815 840 814 840 812 840 811 840 801 850 796 854 780 854 775 848 764 840 762 840 761 840 730 840 729 840 728 840 711 848 698 854 597 854 589 846 583 842 583 840 582 840 580 840 579 840 578 840 576 840 569 846 559 854 526 854 511 846 498 839 497 839 496 839 455 840 454 840 452 840 447 844 434 853 418 844 407 839 405 839 350 839 348 839 347 839 333 843 294 853 269 853 257 842 254 839 252 839 251 839 250 839 218 840 218 875"/></Shape>
	    <String CONTENT="farina de lupilini fa caçere li pelli et nõ lassa çenerar"
                    HPOS="218.0"
                    VPOS="839.0"
                    WIDTH="968.0"
                    HEIGHT="61.0"></String>
          </TextLine>

          
          
          <TextLine ID="line_14"
                    TAGREFS="LT6366"
                    BASELINE="223 923 1193 936" 
                    HPOS="219"
                    VPOS="879"
                    WIDTH="972"
                    HEIGHT="69">
            <Shape><Polygon POINTS="671 881 669 881 667 881 665 881 644 889 632 894 615 889 590 881 577 881 569 887 563 896 500 896 477 885 463 879 450 879 446 879 435 883 415 892 221 879 221 921 219 937 1186 948 1191 935 1191 904 1151 887 1149 887 1147 887 1145 887 1105 898 1024 885 1022 885 1019 885 994 898 992 900 990 898 976 885 974 885 972 885 969 885 967 885 928 896 909 883 907 883 905 883 903 883 815 894 775 898 696 898 686 889 673 881 671 881"/></Shape>
	    <String CONTENT="li altri. Ancora La farina metuda susu el petene"
                    HPOS="219"
                    VPOS="879"
                    WIDTH="972"
                    HEIGHT="69"></String>
          </TextLine>

          
          
          <TextLine ID="line_15"
                    TAGREFS="LT6366"
                    BASELINE="213 965 390 964 1186 982" 
                    HPOS="213.0"
                    VPOS="922.0"
                    WIDTH="973.0"
                    HEIGHT="77.0">
            <Shape><Polygon POINTS="213 965 213 975 372 975 380 978 402 985 404 985 405 985 447 979 465 976 472 979 487 986 489 986 490 986 568 980 580 980 582 980 594 989 596 989 597 989 598 989 600 989 626 982 632 980 637 982 661 990 662 990 664 990 698 983 708 982 728 983 796 992 797 992 844 986 860 985 921 986 922 987 931 996 932 996 933 996 935 996 1040 990 1054 999 1056 999 1057 999 1058 999 1185 992 1186 982 1186 958 1061 955 1061 954 1053 947 1053 946 1051 946 1050 946 1049 946 1047 946 1021 953 990 937 989 937 940 937 939 937 937 937 936 937 924 947 875 936 874 936 872 936 828 947 822 948 819 947 793 933 792 933 790 933 789 933 750 943 707 932 705 932 704 932 703 932 701 932 683 943 680 944 679 943 654 930 653 930 651 930 587 940 579 942 572 940 532 929 530 929 529 929 528 929 526 929 512 939 507 943 469 943 459 937 443 926 441 926 440 926 439 926 437 926 415 936 414 936 412 936 383 925 382 925 380 925 379 925 377 925 366 935 361 939 272 939 262 932 251 922 250 922 248 922 247 922 213 929 213 965"/></Shape>
	    <String CONTENT="chio nõ lassa nascere li pelli. Diascorides. Ancora"
                    HPOS="213.0"
                    VPOS="922.0"
                    WIDTH="973.0"
                    HEIGHT="77.0"></String>
          </TextLine>

          
          
          <TextLine ID="line_16"
                    TAGREFS="LT6366"
                    BASELINE="213 1010 1164 1025" 
                    HPOS="212.0"
                    VPOS="971.0"
                    WIDTH="952.0"
                    HEIGHT="69.0">
            <Shape><Polygon POINTS="213 1010 212 1028 368 1024 398 1032 405 1033 407 1033 408 1033 422 1032 472 1024 572 1032 573 1032 635 1026 648 1033 654 1036 655 1036 657 1036 658 1036 668 1033 693 1028 711 1035 721 1037 722 1037 723 1037 740 1035 768 1029 794 1035 818 1040 819 1040 1163 1037 1164 1025 1164 1000 1128 985 1126 985 1125 985 1051 997 1051 999 993 999 990 997 972 987 971 987 969 987 968 987 967 987 956 996 956 997 910 997 908 996 875 980 874 980 872 980 747 985 735 978 733 978 732 978 705 978 704 978 703 978 701 978 678 992 675 992 618 983 616 983 569 989 541 975 540 975 539 975 537 975 507 983 473 974 472 974 471 974 469 974 426 985 407 975 405 975 404 975 344 986 343 986 325 972 323 972 322 972 291 971 290 971 289 971 287 971 265 985 213 985 213 1010"/></Shape>
	    <String CONTENT="quelle cosse le quale ueda li pelli a nascere sono"
                    HPOS="212.0"
                    VPOS="971.0"
                    WIDTH="952.0"
                    HEIGHT="69.0"></String>
          </TextLine>

          
          
          <TextLine ID="line_17"
                    TAGREFS="LT6366"
                    BASELINE="215 1057 915 1068 1160 1064" 
                    HPOS="213.0"
                    VPOS="1021.0"
                    WIDTH="947.0"
                    HEIGHT="68.0">
            <Shape><Polygon POINTS="215 1057 213 1072 411 1071 422 1076 434 1082 436 1082 437 1082 439 1082 459 1076 479 1071 497 1076 519 1083 521 1083 594 1085 596 1085 693 1078 737 1075 755 1078 789 1085 790 1085 792 1085 793 1085 801 1079 807 1075 846 1079 936 1089 937 1089 1158 1080 1160 1064 1157 1030 1100 1030 1099 1030 1097 1030 1096 1030 1096 1032 1083 1042 965 1039 942 1030 933 1028 932 1028 931 1028 929 1028 921 1030 892 1040 826 1040 810 1030 801 1026 800 1026 761 1026 760 1026 758 1026 750 1030 737 1037 719 1030 715 1029 714 1029 712 1029 694 1030 640 1036 621 1030 597 1024 596 1024 594 1024 593 1024 569 1030 554 1035 473 1035 468 1030 451 1022 450 1022 448 1022 402 1030 390 1033 377 1030 333 1021 332 1021 283 1032 279 1032 273 1032 250 1025 248 1025 247 1025 215 1030 215 1057"/></Shape>
	    <String CONTENT="queste : opio iusquiano, la mucillagene del"
                    HPOS="213.0"
                    VPOS="1021.0"
                    WIDTH="947.0"
                    HEIGHT="68.0"></String>
          </TextLine>

          
          
          <TextLine ID="line_18"
                    TAGREFS="LT6366"
                    BASELINE="218 1100 1182 1119" 
                    HPOS="216.0"
                    VPOS="1061.0"
                    WIDTH="966.0"
                    HEIGHT="75.0">
            <Shape><Polygon POINTS="218 1100 216 1110 232 1119 233 1119 234 1119 287 1122 289 1122 409 1114 419 1114 421 1114 430 1121 432 1121 433 1121 434 1121 551 1118 579 1118 582 1119 593 1128 594 1128 596 1128 632 1129 633 1129 662 1124 735 1131 736 1131 737 1131 751 1124 755 1122 760 1125 776 1132 778 1132 779 1132 780 1132 782 1132 782 1131 789 1125 793 1122 822 1122 857 1128 907 1135 908 1135 936 1129 961 1125 981 1131 993 1135 994 1135 996 1135 997 1135 999 1135 1001 1132 1010 1126 1042 1126 1179 1136 1182 1119 1182 1090 1172 1082 1172 1080 1171 1080 1170 1080 1168 1080 1065 1082 1040 1075 1039 1075 1038 1075 1036 1075 1008 1089 1006 1092 917 1092 910 1087 879 1072 878 1072 876 1072 875 1072 853 1079 840 1071 839 1071 837 1071 836 1071 835 1071 798 1086 793 1087 701 1087 694 1083 660 1068 658 1068 657 1068 655 1068 629 1082 628 1083 572 1083 553 1080 425 1062 400 1062 398 1062 397 1062 366 1078 364 1079 346 1079 344 1078 323 1061 322 1061 320 1061 319 1061 283 1062 282 1062 255 1076 254 1076 252 1075 234 1067 233 1067 232 1067 230 1067 218 1072 218 1100"/></Shape>
	    <String CONTENT="pissilio, el sangue de le rane de lago et dela bisa"
                    HPOS="216.0"
                    VPOS="1061.0"
                    WIDTH="966.0"
                    HEIGHT="75.0"></String>
          </TextLine>

          
          
          <TextLine ID="line_19"
                    TAGREFS="LT6366"
                    BASELINE="222 1144 1188 1162" 
                    HPOS="222.0"
                    VPOS="1108.0"
                    WIDTH="966.0"
                    HEIGHT="71.0">
            <Shape><Polygon POINTS="222 1144 222 1161 586 1161 605 1165 622 1169 623 1169 625 1169 643 1165 658 1162 662 1165 668 1171 669 1171 671 1171 672 1171 715 1167 740 1164 747 1167 761 1172 762 1172 764 1172 835 1168 853 1167 864 1168 914 1175 915 1175 917 1175 940 1168 942 1168 943 1168 962 1176 964 1176 965 1176 1018 1169 1019 1169 1036 1178 1038 1178 1039 1178 1110 1172 1171 1179 1172 1179 1174 1179 1175 1179 1186 1171 1188 1162 1188 1135 1164 1122 1163 1122 1161 1122 1160 1122 1129 1135 1115 1122 1115 1121 1114 1121 1113 1121 1039 1119 1038 1119 1036 1119 1035 1119 1017 1133 1015 1133 850 1133 846 1131 817 1115 815 1115 814 1115 812 1115 787 1125 751 1115 750 1115 748 1115 747 1115 719 1128 717 1129 705 1128 640 1119 639 1119 637 1119 612 1126 610 1128 608 1126 591 1112 591 1111 590 1111 589 1111 587 1111 521 1118 475 1110 473 1110 472 1110 447 1118 433 1108 432 1108 430 1108 429 1108 366 1122 365 1122 222 1121 222 1144"/></Shape>
	    <String CONTENT="scudera che sta ĩ laqua, elo sangue che del barba"
                    HPOS="222.0"
                    VPOS="1108.0"
                    WIDTH="966.0"
                    HEIGHT="71.0"></String>
          </TextLine>

          
          
          <TextLine ID="line_20"
                    TAGREFS="LT6366"
                    BASELINE="223 1187 1210 1204" 
                    HPOS="222.0"
                    VPOS="1151.0"
                    WIDTH="988.0"
                    HEIGHT="70.0">
            <Shape><Polygon POINTS="223 1187 222 1206 298 1200 341 1208 343 1208 344 1208 346 1208 354 1201 373 1208 375 1208 376 1208 539 1204 548 1211 550 1212 550 1214 551 1214 553 1214 554 1214 582 1212 651 1207 715 1214 743 1217 814 1218 815 1218 817 1218 818 1218 821 1215 826 1210 846 1215 854 1218 855 1218 857 1218 858 1218 864 1215 875 1210 886 1217 893 1219 894 1219 896 1221 956 1221 956 1219 957 1219 958 1219 961 1217 967 1212 982 1217 993 1221 994 1221 996 1221 1208 1219 1210 1204 1208 1168 1136 1179 1074 1167 1064 1165 1063 1165 1061 1165 1057 1167 1032 1178 971 1178 892 1176 875 1165 868 1161 867 1161 865 1161 864 1161 843 1165 804 1174 671 1172 657 1164 641 1157 640 1157 639 1157 637 1157 636 1157 628 1164 621 1171 586 1171 569 1164 548 1156 547 1156 546 1156 479 1162 469 1164 468 1162 457 1154 455 1154 454 1154 398 1154 397 1154 396 1154 369 1162 361 1165 355 1162 336 1153 334 1153 333 1153 289 1158 236 1151 234 1151 233 1151 232 1151 223 1157 223 1187"/></Shape>
	    <String CONTENT="strelo elolio ĩ lo qual uen cota la cera et la cerusa"
                    HPOS="222.0"
                    VPOS="1151.0"
                    WIDTH="988.0"
                    HEIGHT="70.0"></String>
          </TextLine>

          
          
          <TextLine ID="line_21"
                    TAGREFS="LT6366"
                    BASELINE="219 1232 1225 1243" 
                    HPOS="218.0"
                    VPOS="1199.0"
                    WIDTH="1007.0"
                    HEIGHT="57.0">
            <Shape><Polygon POINTS="219 1232 218 1240 371 1250 372 1250 793 1249 849 1256 850 1256 1224 1251 1225 1243 1224 1214 1146 1218 1090 1212 1039 1207 1038 1207 1036 1207 1019 1212 1003 1217 983 1211 961 1206 960 1206 958 1206 957 1206 944 1211 935 1217 871 1217 821 1215 815 1210 807 1204 805 1204 804 1204 803 1204 801 1204 779 1210 762 1214 722 1210 680 1206 679 1206 678 1206 669 1210 661 1212 529 1212 514 1208 475 1200 473 1200 407 1207 384 1210 376 1207 350 1199 348 1199 347 1199 346 1199 327 1207 326 1207 323 1207 273 1199 272 1199 219 1206 219 1232"/></Shape>
	    <String CONTENT="el pionbo, elo litargiro ela poluere dele ostrege et"
                    HPOS="218.0"
                    VPOS="1199.0"
                    WIDTH="1007.0"
                    HEIGHT="57.0"></String>
          </TextLine>

          
          
          <TextLine ID="line_22"
                    TAGREFS="LT6366"
                    BASELINE="220 1279 1228 1288" 
                    HPOS="219.0"
                    VPOS="1240.0"
                    WIDTH="1009.0"
                    HEIGHT="64.0">
            <Shape><Polygon POINTS="220 1279 219 1292 227 1297 229 1297 230 1297 232 1299 354 1299 354 1297 355 1297 369 1290 376 1290 433 1290 441 1299 443 1299 444 1299 446 1299 447 1299 462 1292 500 1299 501 1299 601 1293 612 1300 614 1300 615 1300 616 1300 680 1293 725 1301 726 1301 849 1294 893 1303 894 1303 1043 1296 1057 1304 1058 1304 1060 1304 1061 1304 1226 1296 1228 1288 1226 1261 967 1260 962 1258 894 1244 893 1244 822 1254 726 1243 725 1243 654 1251 554 1242 553 1242 551 1242 514 1254 496 1242 494 1242 493 1242 468 1242 466 1242 465 1242 426 1253 423 1254 423 1253 409 1242 408 1242 407 1242 405 1242 327 1253 322 1253 320 1253 295 1240 294 1240 239 1240 237 1240 236 1240 234 1240 220 1249 220 1279"/></Shape>
	    <String CONTENT="dele perle. Auicena. Ancora el sugo del firmo ter"
                    HPOS="219.0"
                    VPOS="1240.0"
                    WIDTH="1009.0"
                    HEIGHT="64.0"></String>
          </TextLine>

          
          
          <TextLine ID="line_23"
                    TAGREFS="LT6366"
                    BASELINE="219 1325 1226 1329" 
                    HPOS="218.0"
                    VPOS="1285.0"
                    WIDTH="1008.0"
                    HEIGHT="58.0">
            <Shape><Polygon POINTS="1151 1288 1150 1288 1149 1288 1135 1297 1126 1303 1033 1303 1028 1297 1019 1290 1018 1290 1017 1290 1015 1290 985 1297 976 1299 969 1297 926 1288 925 1288 924 1288 901 1297 892 1301 879 1297 847 1288 846 1288 844 1288 771 1294 760 1286 758 1286 757 1286 755 1286 754 1286 718 1299 710 1301 626 1301 621 1299 593 1286 591 1286 590 1286 589 1286 561 1299 557 1300 533 1299 500 1296 486 1285 484 1285 483 1285 387 1285 386 1285 384 1285 352 1299 352 1300 219 1300 219 1325 218 1335 226 1340 227 1340 229 1340 230 1340 541 1335 553 1342 554 1342 555 1342 557 1342 733 1336 890 1343 892 1343 1225 1336 1226 1329 1226 1297 1153 1288 1151 1288"/></Shape>
	    <String CONTENT="re, mesedado con Lagoma rabica siando cauadi li"
                    HPOS="218.0"
                    VPOS="1285.0"
                    WIDTH="1008.0"
                    HEIGHT="58.0"></String>
          </TextLine>

          
          
          <TextLine ID="line_24"
                    TAGREFS="LT6366"
                    BASELINE="220 1375 912 1371 1327 1378" 
                    HPOS="219.0"
                    VPOS="1329.0"
                    WIDTH="1108.0"
                    HEIGHT="60.0">
            <Shape><Polygon POINTS="1210 1329 1208 1329 1207 1329 1176 1342 1175 1342 1157 1329 1156 1329 1154 1329 1153 1329 1097 1342 1094 1342 1078 1329 1076 1329 1075 1329 1067 1329 1053 1329 1039 1329 1035 1329 1033 1329 1032 1329 1031 1329 1014 1342 1011 1342 940 1331 939 1331 937 1331 917 1342 915 1343 824 1343 824 1342 792 1329 790 1329 628 1329 626 1329 625 1329 585 1342 547 1329 546 1329 544 1329 543 1329 541 1329 522 1342 402 1333 401 1333 362 1342 348 1331 347 1331 346 1331 318 1329 316 1329 315 1329 314 1329 295 1343 219 1343 220 1375 220 1388 1324 1389 1327 1378 1324 1342 1293 1342 1290 1342 1258 1329 1257 1329 1220 1329 1210 1329"/></Shape>
	    <String CONTENT="capelli, e metu su non li lassa renascere. Diascorides. a."
                    HPOS="219.0"
                    VPOS="1329.0"
                    WIDTH="1108.0"
                    HEIGHT="60.0"></String>
          </TextLine>

          
          
          <TextLine ID="line_25"
                    TAGREFS="LT6366"
                    BASELINE="225 1418 1236 1414" 
                    HPOS="223.0"
                    VPOS="1379.0"
                    WIDTH="1013.0"
                    HEIGHT="56.0">
            <Shape><Polygon POINTS="225 1418 225 1435 587 1428 710 1431 880 1433 882 1433 929 1428 943 1426 986 1426 1210 1432 1211 1432 1213 1432 1236 1424 1236 1414 1232 1385 1069 1390 1060 1386 1047 1381 1046 1381 899 1379 897 1379 896 1379 871 1388 860 1393 787 1393 776 1389 744 1381 743 1381 668 1381 666 1381 665 1381 632 1390 626 1393 475 1393 464 1393 383 1382 382 1382 380 1382 352 1393 223 1395 225 1418"/></Shape>
	    <String CONTENT="Ancora Li uermi che luse de nocte che ano nome"
                    HPOS="223.0"
                    VPOS="1379.0"
                    WIDTH="1013.0"
                    HEIGHT="56.0"></String>
          </TextLine>

          
          
          <TextLine ID="line_26"
                    TAGREFS="LT6366"
                    BASELINE="230 1461 1228 1461" 
                    HPOS="230.0"
                    VPOS="1422.0"
                    WIDTH="998.0"
                    HEIGHT="61.0">
            <Shape><Polygon POINTS="230 1461 232 1482 254 1474 323 1474 333 1482 334 1482 336 1482 337 1482 339 1482 341 1482 371 1474 468 1474 483 1481 487 1482 489 1482 490 1482 501 1481 537 1474 566 1481 578 1482 579 1482 597 1479 641 1474 666 1479 678 1482 679 1482 680 1482 704 1479 736 1475 782 1479 825 1482 826 1482 828 1482 829 1482 835 1478 842 1474 854 1478 865 1482 867 1482 868 1483 978 1483 978 1482 979 1482 996 1478 1010 1474 1032 1476 1064 1482 1065 1482 1226 1475 1228 1461 1225 1422 1131 1435 1106 1422 1104 1422 1103 1422 1101 1422 1100 1422 1076 1435 1054 1428 1053 1428 1051 1428 1018 1435 1003 1422 1001 1422 1000 1422 999 1422 997 1422 994 1422 964 1435 940 1424 939 1424 937 1424 936 1424 917 1435 864 1435 846 1424 844 1422 843 1422 842 1422 797 1422 796 1422 794 1422 790 1424 768 1436 566 1436 547 1425 541 1422 540 1422 539 1422 514 1425 469 1432 439 1426 418 1422 416 1422 415 1422 414 1422 408 1426 397 1435 386 1426 380 1422 379 1422 377 1422 376 1422 375 1422 364 1426 341 1435 319 1426 308 1422 307 1422 305 1422 230 1426 230 1461"/></Shape>
	    <String CONTENT="stella se de essi uien unto elli nõ lassa nascere li"
                    HPOS="230.0"
                    VPOS="1422.0"
                    WIDTH="998.0"
                    HEIGHT="61.0"></String>
          </TextLine>

          
          
          <TextLine ID="line_27"
                    TAGREFS="LT6366"
                    BASELINE="229 1503 1240 1503" 
                    HPOS="229.0"
                    VPOS="1467.0"
                    WIDTH="1011.0"
                    HEIGHT="53.0">
            <Shape><Polygon POINTS="229 1503 229 1520 1240 1515 1240 1503 1240 1478 1218 1467 1217 1467 1215 1467 1214 1467 1179 1479 1081 1479 1063 1467 1061 1467 1060 1467 1010 1467 1008 1467 1007 1467 1006 1467 987 1479 880 1479 864 1467 862 1467 861 1467 835 1467 833 1467 832 1467 830 1467 812 1479 767 1479 736 1467 735 1467 733 1467 732 1467 689 1479 637 1479 623 1468 622 1468 621 1468 619 1468 618 1468 586 1478 551 1467 550 1467 548 1467 547 1467 546 1467 532 1479 496 1479 473 1467 472 1467 397 1467 396 1467 332 1478 309 1467 308 1467 269 1467 268 1467 266 1467 265 1467 251 1479 229 1479 229 1503"/></Shape>
	    <String CONTENT="pelli el Libro de nã rerp. Ancora el sangue de"
                    HPOS="229.0"
                    VPOS="1467.0"
                    WIDTH="1011.0"
                    HEIGHT="53.0"></String>
          </TextLine>

          
          
          <TextLine ID="line_28"
                    TAGREFS="LT6366"
                    BASELINE="233 1547 1226 1553" 
                    HPOS="233.0"
                    VPOS="1508.0"
                    WIDTH="993.0"
                    HEIGHT="59.0">
            <Shape><Polygon POINTS="233 1547 233 1561 729 1558 1224 1567 1226 1553 1225 1528 1139 1526 1121 1513 1119 1513 1118 1513 1117 1513 1115 1513 1088 1522 1058 1513 1057 1513 1056 1513 1054 1513 1053 1513 1033 1526 1029 1526 957 1511 956 1511 893 1514 892 1514 890 1514 875 1525 854 1511 853 1511 851 1511 822 1511 821 1511 819 1511 789 1524 775 1511 773 1511 772 1511 771 1511 736 1518 722 1510 721 1510 719 1510 658 1510 657 1510 655 1510 654 1510 644 1518 635 1510 633 1510 632 1510 575 1510 573 1510 572 1510 571 1510 555 1524 554 1525 483 1525 343 1524 341 1522 326 1508 325 1508 323 1508 298 1508 297 1508 295 1508 294 1508 275 1522 273 1522 233 1522 233 1547"/></Shape>
	    <String CONTENT="la limaga, ouer dela bisa scudera fortemẽte non"
                    HPOS="233.0"
                    VPOS="1508.0"
                    WIDTH="993.0"
                    HEIGHT="59.0"></String>
          </TextLine>

          
          
          <TextLine ID="line_29"
                    TAGREFS="LT6366"
                    BASELINE="255 1599 487 1593 1213 1593" 
                    HPOS="254.0"
                    VPOS="1552.0"
                    WIDTH="959.0"
                    HEIGHT="59.0">
            <Shape><Polygon POINTS="1129 1553 1124 1553 1100 1560 1075 1553 1074 1553 1063 1553 1043 1568 975 1568 956 1554 954 1554 953 1554 951 1554 950 1554 939 1560 931 1552 929 1552 928 1552 921 1552 907 1552 893 1552 879 1552 878 1552 876 1552 836 1553 835 1553 833 1553 811 1568 775 1553 773 1553 682 1553 680 1553 679 1553 648 1568 583 1568 566 1554 566 1553 565 1553 564 1553 562 1553 501 1567 466 1558 465 1558 464 1558 462 1558 448 1564 423 1553 422 1553 421 1553 419 1553 418 1553 397 1570 334 1570 295 1553 294 1553 293 1553 291 1553 254 1568 255 1599 255 1607 454 1611 455 1611 482 1606 500 1603 525 1606 572 1611 573 1611 575 1611 576 1611 585 1606 587 1603 590 1606 597 1610 598 1610 600 1610 601 1610 632 1604 646 1603 651 1604 665 1611 666 1611 668 1611 768 1604 787 1603 794 1604 830 1611 832 1611 960 1603 981 1602 985 1603 1007 1610 1008 1610 1010 1611 1185 1611 1185 1610 1186 1610 1213 1600 1213 1593 1211 1568 1153 1568 1136 1553 1129 1553"/></Shape>
	    <String CONTENT="lassa nascere Li capelli. Quel Libro medesimo."
                    HPOS="254.0"
                    VPOS="1552.0"
                    WIDTH="959.0"
                    HEIGHT="59.0"></String>
          </TextLine>

          
          
          <TextLine ID="line_30"
                    TAGREFS="LT6366"
                    BASELINE="227 1643 673 1636 1240 1638" 
                    HPOS="226.0"
                    VPOS="1600.0"
                    WIDTH="1014.0"
                    HEIGHT="58.0">
            <Shape><Polygon POINTS="227 1643 227 1658 326 1650 372 1657 373 1657 540 1649 666 1656 671 1656 672 1656 675 1656 747 1649 833 1654 850 1656 851 1656 858 1654 897 1647 932 1654 935 1654 936 1654 1239 1652 1240 1638 1239 1611 1157 1600 1156 1600 1154 1600 1118 1610 1113 1613 1065 1613 1063 1610 1043 1602 1042 1602 1040 1602 1039 1602 1017 1610 1014 1611 1007 1610 974 1604 972 1604 932 1610 922 1611 915 1610 878 1602 876 1602 830 1610 815 1613 805 1610 779 1602 778 1602 715 1602 714 1602 712 1602 696 1610 693 1610 654 1604 653 1604 651 1604 650 1604 641 1610 636 1613 619 1610 575 1602 573 1602 536 1610 515 1614 494 1610 475 1606 473 1606 472 1606 471 1606 465 1610 458 1614 454 1610 448 1606 448 1604 447 1604 446 1604 444 1604 443 1604 425 1610 407 1615 286 1615 276 1610 266 1603 265 1603 264 1603 262 1603 226 1608 227 1643"/></Shape>
	    <String CONTENT="Ancora da unçere prendi drama una de arsenico"
                    HPOS="226.0"
                    VPOS="1600.0"
                    WIDTH="1014.0"
                    HEIGHT="58.0"></String>
          </TextLine>

          
          
          <TextLine ID="line_31"
                    TAGREFS="LT6366"
                    BASELINE="234 1685 1238 1681" 
                    HPOS="233.0"
                    VPOS="1643.0"
                    WIDTH="1005.0"
                    HEIGHT="60.0">
            <Shape><Polygon POINTS="234 1685 234 1700 402 1695 426 1700 436 1703 437 1703 439 1703 440 1703 447 1700 464 1695 478 1700 483 1703 484 1703 486 1703 487 1703 497 1700 521 1695 530 1700 533 1703 534 1703 536 1703 537 1703 557 1700 607 1693 685 1693 696 1700 697 1702 698 1702 700 1702 701 1702 703 1702 705 1700 721 1693 787 1693 794 1700 796 1702 797 1702 798 1702 800 1702 819 1700 876 1695 981 1700 999 1700 1000 1700 1001 1700 1003 1700 1017 1692 1067 1692 1076 1700 1078 1700 1079 1700 1081 1700 1082 1700 1085 1700 1108 1692 1124 1700 1125 1700 1126 1700 1128 1700 1236 1699 1238 1681 1235 1654 1183 1654 1163 1643 1161 1643 1160 1643 1068 1653 1039 1643 1038 1643 1036 1643 996 1652 954 1643 953 1643 951 1643 911 1653 869 1645 868 1645 867 1645 844 1654 728 1645 726 1645 655 1654 619 1645 618 1645 616 1645 615 1645 596 1654 503 1646 501 1646 500 1646 482 1656 480 1657 421 1657 327 1657 315 1646 314 1646 312 1646 311 1646 309 1646 272 1656 257 1646 255 1646 254 1646 252 1646 251 1646 233 1654 234 1685"/></Shape>
	    <String CONTENT="et drama una de calcina ben polueriçada et drama"
                    HPOS="233.0"
                    VPOS="1643.0"
                    WIDTH="1005.0"
                    HEIGHT="60.0"></String>
          </TextLine>

          
          
          <TextLine ID="line_32"
                    TAGREFS="LT6366"
                    BASELINE="222 1720 1208 1728" 
                    HPOS="220.0"
                    VPOS="1688.0"
                    WIDTH="988.0"
                    HEIGHT="61.0">
            <Shape><Polygon POINTS="222 1720 220 1732 277 1742 279 1742 548 1736 700 1745 701 1745 703 1745 704 1745 712 1738 723 1746 725 1746 726 1746 728 1746 961 1742 1044 1749 1046 1749 1047 1749 1072 1742 1140 1749 1142 1749 1207 1740 1208 1728 1208 1706 1132 1693 1131 1693 1054 1703 1044 1703 1032 1702 989 1696 987 1696 986 1696 976 1702 971 1704 879 1704 868 1699 857 1695 855 1695 854 1695 814 1697 769 1702 761 1697 751 1690 750 1690 748 1690 714 1689 712 1689 636 1695 612 1696 598 1695 571 1689 569 1689 568 1689 555 1693 540 1699 533 1693 528 1688 526 1688 525 1688 451 1688 450 1688 448 1688 447 1688 441 1690 427 1700 391 1700 314 1699 298 1689 298 1688 297 1688 295 1688 294 1688 293 1688 290 1688 268 1697 222 1688 222 1720"/></Shape>
	    <String CONTENT="una de mastese et faio fendere e metige dentro"
                    HPOS="220.0"
                    VPOS="1688.0"
                    WIDTH="988.0"
                    HEIGHT="61.0"></String>
          </TextLine>

          
          
          <TextLine ID="line_33"
                    TAGREFS="LT6366"
                    BASELINE="223 1765 1178 1774" 
                    HPOS="222.0"
                    VPOS="1729.0"
                    WIDTH="956.0"
                    HEIGHT="66.0">
            <Shape><Polygon POINTS="223 1765 222 1785 257 1778 339 1778 366 1786 372 1788 373 1788 375 1788 376 1788 379 1786 391 1779 500 1779 523 1786 540 1790 541 1790 543 1790 583 1786 625 1781 635 1785 644 1790 646 1790 647 1790 675 1785 700 1781 712 1785 729 1792 730 1792 732 1792 787 1785 814 1782 826 1785 858 1793 860 1793 861 1793 936 1785 949 1784 950 1785 964 1793 965 1793 967 1793 1078 1795 1079 1795 1081 1795 1111 1785 1147 1795 1149 1795 1150 1795 1151 1795 1176 1784 1178 1774 1176 1750 1115 1750 1114 1749 1100 1738 1099 1738 1097 1738 1096 1738 1054 1747 1043 1749 987 1747 986 1746 975 1736 974 1736 972 1736 936 1736 935 1736 933 1736 918 1743 910 1747 762 1745 758 1740 751 1735 750 1735 748 1735 747 1735 711 1739 682 1743 673 1739 668 1734 666 1734 665 1734 664 1734 662 1734 653 1738 637 1746 564 1746 553 1736 553 1735 551 1735 550 1735 548 1735 547 1735 543 1736 512 1745 384 1745 361 1732 358 1731 357 1731 355 1731 346 1731 293 1738 223 1729 223 1765"/></Shape>
	    <String CONTENT="le poluere et ĩcorporalo bene et poi bagna bene"
                    HPOS="222.0"
                    VPOS="1729.0"
                    WIDTH="956.0"
                    HEIGHT="66.0"></String>
          </TextLine>

          
          
          <TextLine ID="line_34"
                    TAGREFS="LT6366"
                    BASELINE="226 1807 1078 1820" 
                    HPOS="225.0"
                    VPOS="1771.0"
                    WIDTH="853.0"
                    HEIGHT="89.0">
            <Shape><Polygon POINTS="226 1807 225 1838 277 1849 279 1849 280 1849 282 1849 298 1838 318 1827 366 1835 368 1835 369 1835 384 1829 408 1838 443 1852 444 1852 446 1853 503 1853 503 1852 504 1852 505 1852 528 1838 540 1831 635 1838 636 1838 690 1832 700 1838 725 1856 726 1856 728 1856 871 1857 872 1857 874 1857 875 1857 903 1839 912 1838 933 1836 937 1838 944 1845 946 1845 947 1845 949 1845 962 1842 981 1859 981 1860 982 1860 983 1860 985 1860 986 1860 1032 1838 1035 1838 1075 1838 1078 1820 1075 1785 1006 1792 987 1784 982 1781 981 1781 925 1781 924 1781 922 1781 921 1781 921 1782 919 1782 908 1793 826 1786 825 1786 796 1792 755 1784 754 1784 722 1790 698 1779 694 1778 693 1778 692 1778 690 1778 685 1779 651 1789 636 1778 635 1777 633 1777 632 1777 604 1775 603 1775 601 1775 593 1778 568 1789 512 1789 461 1778 459 1778 423 1786 414 1775 411 1774 411 1772 409 1772 408 1772 407 1772 405 1772 398 1775 380 1784 368 1775 365 1772 364 1772 362 1772 325 1772 323 1772 322 1772 320 1772 318 1774 302 1785 257 1785 245 1774 244 1772 244 1771 243 1771 241 1771 240 1771 226 1772 226 1807"/></Shape>
	    <String CONTENT="Li pelli de aqua calda et poy unçi de ques"
                    HPOS="225.0"
                    VPOS="1771.0"
                    WIDTH="853.0"
                    HEIGHT="89.0"></String>
          </TextLine>

          
          
          <TextLine ID="eSc_line_e9e187b4"
                    TAGREFS="LT6366"
                    BASELINE="1121 1825 1157 1825" 
                    HPOS="1120"
                    VPOS="1777"
                    WIDTH="35"
                    HEIGHT="84">
            <Shape><Polygon POINTS="1120 1861 1155 1856 1155 1823 1155 1788 1122 1777 1120 1823 1120 1861"/></Shape>
	    <String CONTENT="to"
                    HPOS="1120"
                    VPOS="1777"
                    WIDTH="35"
                    HEIGHT="84"></String>
          </TextLine>

          
        </TextBlock>
        
        <TextBlock HPOS="656"
                   VPOS="151"
                   WIDTH="64"
                   HEIGHT="53"
                   ID="eSc_textblock_780c4d63"
                   TAGREFS="BT16581">
          <Shape><Polygon POINTS="656 151 656 204 720 204 720 151"/></Shape>
          
          
          <TextLine ID="eSc_line_27aafb05"
                    TAGREFS="LT6366"
                    BASELINE="673 191 704 188" 
                    HPOS="667"
                    VPOS="152"
                    WIDTH="35"
                    HEIGHT="64">
            <Shape><Polygon POINTS="667 152 671 189 671 216 702 212 702 187 696 152 688 152"/></Shape>
	    <String CONTENT="3"
                    HPOS="667"
                    VPOS="152"
                    WIDTH="35"
                    HEIGHT="64"></String>
          </TextLine>

          
        </TextBlock>
        
        <TextBlock HPOS="1653"
                   VPOS="168"
                   WIDTH="291"
                   HEIGHT="2334"
                   ID="eSc_textblock_67eddb9c"
                   TAGREFS="BT15095">
          <Shape><Polygon POINTS="1653 168 1653 2502 1944 2502 1944 168"/></Shape>
          
        </TextBlock>
        

        
      </PrintSpace>
    </Page>
  </Layout>
</alto>
