1944 2501
218.0 273.0 956.0 74.0 Ancora questo medesimo effecto ual molto altartaro

207.0 336.0 951.0 64.0 polueriçado et metudo sopra la pustela mõdifica

211.0 384.0 967.0 63.0 e ancora ello çoua molto mesedandolo con olio et

211.0 427.0 981.0 69.0 asedo. Constantino et circũstãs. Ancora a qͤsto

209.0 475.0 974.0 61.0 ual molto questo remedio prendi el poluere dele ra

211.0 522.0 984.0 62.0 dise di cogumeri asenini cũ meso laqua freda metu

216.0 562.0 917.0 70.0 suso chel mondifica molto. Constantino. Ancora

213.0 603.0 962.0 76.0 prendi de lasedo e de la gala forada, e de la felle del

212.0 658.0 969.0 60.0 toro, et dele mandole amare cosi queste cose ĩser

202.0 698.0 966.0 66.0 bre fin chel uegnira speso et unge. Constantino.

208.0 744.0 977.0 64.0 Ancora la farina dela semença del fẽochio meseda

212.0 793.0 963.0 58.0 con el uino, e con el uero unçando el cauo subita

212.0 835.0 964.0 66.0 mente el se sanera. Macer. Ancora fa boire de

219.0 876.0 951.0 70.0 La semença dela stafisagria ĩ laqua e cũ quella

213.0 925.0 966.0 68.0 aqua fa destenperar una buona quantitade de tar

213.0 969.0 993.0 66.0 taro electo et cõ quella lauane el cauo una fia o

219.0 1012.0 1016.0 68.0 doe o tre e tosto se sana. Constantino et circa ĩstãs.

219.0 1058.0 995.0 68.0 Ancora a quello medesimo effecto ual forte questo

220.0 1105.0 941.0 66.0 unguento prendi dela pegoldanauale elasala re

215.0 1147.0 992.0 71.0 soluer tuta una nocte in forte asedo ela domane

215.0 1194.0 966.0 67.0 açonçi de lolio dele nose et de loro pimento et di

212.0 1243.0 967.0 61.0 carboni del rouere bene insembre et metergo un

212.0 1290.0 967.0 61.0 pocho de argento uiuo et de tartaro et fa radere

218.0 1338.0 958.0 61.0 el cauo e ungilo. Lo exꝑimentatore. Ancora

216.0 1375.0 955.0 67.0 fa boire la radise de lemila campana ĩ lo forte

212.0 1421.0 955.0 62.0 asedo, e fale colare e entro la coladura fa lauare

213.0 1470.0 957.0 63.0 el capo. E le radixe crude fale pestare cõ la sonça

212.0 1517.0 977.0 64.0 de porco et çonçi delo argento uiuo, et del tartaro

219.0 1565.0 862.0 53.0 e fane unçere el cauo. Lo exꝑimentatore.

211.0 1610.0 995.0 55.0 Ancora fa purgar le pustele con uino ouer cõ orina

218.0 1657.0 949.0 53.0 intanto chele sanguene et poy meterge su de la

215.0 1696.0 970.0 51.0 peuere del tartaro elguarira. Lo exꝑimentatore.

213.0 1736.0 975.0 57.0 Ancora laua la pustela con forte asedo et poy çete

226.0 1775.0 955.0 89.0 ge suso de la poluere fata de la scorça de figaro saluadega

665 195 42 53 -
