1988 2501
841.0 301.0 893.0 88.0 Ancora trida le foie del rafano cõ la sonça del

832.0 358.0 473.0 54.0 porco e unçi le pustele

831.0 411.0 958.0 54.0 Ancora alle pustele dele gambe cuosi el seuo del

832.0 447.0 957.0 62.0 castron e colalo et poy metello sopra el focho cõ

836 487 964 63 çige dela pegola spagna de lo incenso de la mirra

835.0 537.0 941.0 63.0 de mastese e de litarono et ĩ mode dinpiastro

835.0 575.0 904.0 69.0 metila suso. Ancora la scabiosa pesta cõ la sonça

836.0 625.0 679.0 66.0 tol uia el flema salso chefa la rogna.

936 669 912 83 Capitolo dela rogna & dele uoladege ouer serpigene

945.0 732.0 863.0 66.0 Ontra ogni rogna et ogni serpigene prendi el

978.0 776.0 811.0 68.0 tartaro et del litargno et meseda in sembre

831.0 814.0 972.0 66.0 et lassali stare ꝑ tuta la nocte et la doman mete

838.0 855.0 951.0 66.0 le sopra el fogo con loio dele noxe et quando el sera

836.0 904.0 964.0 64.0 ben meseda tol uia et unge oue bisogna. Circũstãs.

842.0 943.0 948.0 62.0 Ancora prendi el ledame çoe el stercho secho seuo

842.0 986.0 943.0 67.0 de porcho e del bo e del tartaro tanto de luno qͣnto

846.0 1035.0 957.0 62.0 de laltro e fane poluere e meti doue bisogna mũ

846.0 1083.0 954.0 57.0 dificando ĩ prima el luogo cũ asedo e cũ orina fin

848.0 1126.0 942.0 60.0 chel sangue . Lo exꝑimentatore. Ancora ꝯpene

848.0 1169.0 939.0 62.0 quella pouere cõ olio de nose et quãdo el luogo se

845.0 1217.0 931.0 51.0 cosi mondificando cũ orina o cũ asedo onçilo et

842.0 1263.0 926.0 56.0 ello se sanera. Ancora el poluere del formigaro

842.0 1303.0 941.0 60.0 mesedado comesso lolio et unto alsole sana la ro

836 1342 928 71 gna e le pustele molto forte . Diascoride et Lo

841.0 1390.0 959.0 66.0 exꝑimentatore. Ancora prendi de la sonça anti

838.0 1435.0 965.0 62.0 cha e dela celidonia. de solfaro. e fumosterre me

842.0 1482.0 934.0 60.0 seda queste chosse in sembre e ungi doue bisogna

843.0 1528.0 951.0 51.0 oue nõ sia pelli. Ancora prendi una .℥. de alume

841.0 1567.0 937.0 62.0 e do unçe del sale e disoluele in sembre cũ forte

835.0 1608.0 947.0 67.0 asedo et uçi et subito guarira. d. Ancora laqua

836.0 1657.0 940.0 71.0 dela decocion dele foie dele nose sana le alopicie et

839.0 1704.0 952.0 60.0 le altre passion di capelli . Ancora la cenere del ro.

838.0 1753.0 947.0 63.0 uere spanto suso la rogna si la guarisse. diascordie.

823.0 1796.0 962.0 71.0 Ancora una rana uerde reuersa et metuda suso La
