1994 2499
813.0 280.0 964.0 80.0 parole medesime con la sua sentẽcia in certi luogi con

813.0 342.0 961.0 66.0 altre parole piu legiere da intẽdere. In tanto che si

812.0 391.0 980.0 58.0 tu auesi li suo libri pñte tu nõ trouaressi chossa iue

809.0 434.0 975.0 57.0 altra como ĩ questo libro. Adoncha cõ la gracia de

813.0 480.0 989.0 67.0 miss yħu xp̃o scĩssimo el qual sana como lui uole tute

812.0 527.0 984.0 60.0 le nostre infermita: el quale e cauo de tuti li fideli

812.0 567.0 975.0 68.0 christiani. Si comẽcemo dela infirmita de cauo de

817.0 617.0 477.0 63.0 scendendo fina ali piedi.

812.0 656.0 954.0 70.0 Et imprima dicemo dele infirmitade de capegli li

812.0 702.0 809.0 67.0 quali alefia caçe del cauo et alefia se altera.

977 743 787 62 Capitolo deli cauelli che caçeno primo.

975 791 808 64 E i cauegi caçe del cauo fa una lesia dela cenere

965.0 837.0 810.0 62.0 del pe colũbino coe de quella herba che uien

965.0 884.0 826.0 58.0 cussi chiamata elauane el cauo e sia chossa pro

809.0 927.0 985.0 62.0 uata. unaltra lettera dise delfimo colũbino et questo

813.0 973.0 968.0 65.0 dise lo exprementatore. Ancora prendi le foglie

810.0 1017.0 971.0 64.0 de rouere et la feorça sua meçana et cosele ĩ laqua

812.0 1064.0 976.0 63.0 et lauane el cauo. Lo exꝑimentore. Ancora le no-

815.0 1110.0 983.0 64.0 xele peste et tridade con la sonça de lorso restituise

812.0 1156.0 889.0 60.0 li cauegli et fali renascere. Diascoride et ysaae.

812.0 1196.0 983.0 67.0 Chi cose le radise dela nalbi in laqua et lauane el cauo

813.0 1246.0 972.0 63.0 le fa caçere le furfore del cauo subito. Lexꝑim̃tore

810.0 1292.0 967.0 61.0 Ancora el cenere dele ranelle piçolle uerde e sano a

817.0 1338.0 789.0 68.0 la piça. Chirano e galieno in le dĩamidii.

815.0 1380.0 959.0 69.0 Ancora la cenere del fimo de le caure meseda con

817.0 1425.0 957.0 73.0 lolio e fatene uncione multiplica li capelli gał. in

816.0 1470.0 954.0 64.0 le dinamidii. Ancora laqua de la decocione de la

815.0 1516.0 981.0 75.0 scorça meçana de loliuo lauando speso fa quel medesi-

813.0 1566.0 982.0 61.0 mo effecto çoe młtiplica li capelli. gał. in lo luogo so-

810.0 1611.0 978.0 63.0 pra scrito. Macer. Ancora lo incenso loliga suso sana

813.0 1650.0 974.0 65.0 tosto quella infirmita de li capelli. Macer. Ancora

819.0 1692.0 984.0 67.0 pesta el presemolo con el sangue del porco e falo bo-

820.0 1739.0 935.0 57.0 glire ĩ uino bianco e poi colallo ꝑ una tella soura

822.0 1781.0 959.0 80.0 laqua freda e archoie el grasso el qual stara soura
