1982 2500
827 306 965 79 uano et more infra sei hore. Questo medesimo

836.0 368.0 962.0 65.0 effecto fa el banbaso siluen unto in teibentina et

833.0 420.0 973.0 57.0 tenuto inseno. Ancora brusa el cauo de uno sor

862.0 461.0 946.0 62.0 ce groso et messedalo cũ grasso de orso, et de por

836.0 508.0 957.0 61.0 cho et ello sano lo alopicia. Ancora onçi tuto el

834.0 555.0 945.0 61.0 corpo de sugo de ruda o de aqua de lupini e li pe

837.0 600.0 326.0 59.0 dochi fuçirano.

983 627 513 77 Capitolo dela litargia. 6.

933 677 863 70 La litargia prendi la ruoda la peuerela emese

945.0 730.0 830.0 54.0 dali con lasedo fortissimo emetilo al naso et

831.0 777.0 960.0 61.0 ello lo fara deseare. Constantino. et Ga. in lo passio

830.0 823.0 956.0 54.0 nario. Ancora i cauelli ꝓprij brusadi mesedadi con

830.0 868.0 920.0 59.0 asedo e cũ un pocho de pegola metu alnaso desseda

831.0 909.0 962.0 66.0 quello chea la litargia. Constãtino. Ancora el polmon

833.0 955.0 969.0 64.0 fresco del porcho metadolo sul cauo raso ual a questo

834.0 1000.0 959.0 61.0 merauegliosam̃te. constantino. Ancora el sangue

833.0 1043.0 967.0 63.0 de la bissa squara messo sul fronte de quello che a ma

831.0 1088.0 966.0 64.0 le ual merauegliosamẽte. Constã Ancora la pocioe

837.0 1134.0 956.0 64.0 anachardina sie medicina ꝓpria a questa infirmitade.

833.0 1179.0 935.0 55.0 Rirand. Ancora tuol el core del russignollo fa che

830.0 1223.0 956.0 54.0 quelli che lano adosso nõ ha sõno, et chi lo beuesse non

827.0 1269.0 943.0 64.0 dormeraue may. Rirand. Ancora el fel de lagua

829.0 1318.0 971.0 54.0 caldo ĩ uno uaso de pionbo ꝑfectamẽte et tosto deseda

826.0 1365.0 953.0 57.0 el litargio sula parte de drio del cauo ne uenuta. Rir

822.0 1408.0 959.0 64.0 Ancora sil receue ꝑ el naso el fumo facto de corame

830.0 1456.0 931.0 60.0 de caura çoe dela pelle sie una possente cossa afar

829.0 1500.0 937.0 56.0 desedare. Rirando. Ancora el fumego facto de la

829.0 1550.0 954.0 55.0 pelle de un caureto sana ilitargici e li epilentici ele

829.0 1591.0 955.0 56.0 done le quale ha p̾focacion de la marise. Ri. Ancora

829.0 1636.0 948.0 57.0 Le odore del pucedano remoue el sõno. Diascoride.

823.0 1676.0 968.0 58.0 Ancora la semença dela senaura tridandola cũ asedo

830.0 1720.0 963.0 57.0 fortemente fregandone le piante de li piedi deseda

826.0 1762.0 968.0 60.0 quelli chea la litargia. Ancora a questo ual molto el

833.0 1805.0 960.0 72.0 fumo del galbano e del corno del ceruo metando soto
