1958 2500
230.0 270.0 915.0 71.0 la qua e mesedalo con uno roso douo coto e con el

225.0 329.0 933.0 66.0 mastese e con el comino e de questo unge spesso li

225.0 379.0 895.0 64.0 capelli e elli nascera subito. Lo exꝑimentatore.

220.0 419.0 965.0 65.0 Ancora unçe el luogo cũ mel e ruda e metege suso

222.0 458.0 980.0 71.0 de la poluere de la luserta uerde çoe de lo liguro brusa

219.0 512.0 991.0 61.0 e questo fa generare molti capelli. Lo exꝑimentore.

218.0 552.0 972.0 61.0 Ancora el sangue de la bisa squara che habita in terra

219.0 601.0 978.0 62.0 unçando con esso sangue fa çenerare molti capelli e

230.0 644.0 983.0 62.0 si sana la lepra. Diascoride. E questo medesimo effecto

229.0 687.0 967.0 60.0 fa la sua scorça brusa. Ancora brusa el pan de lorco e

232.0 729.0 951.0 66.0 Lo sal coto de briga et messedali con lasonça delorso et

223.0 777.0 981.0 64.0 unçe oue te piace et nascera li pelli . Sa. in dinamidij.

219.0 825.0 967.0 61.0 Ancora el cenere dele unge dele capre messedato con

232.0 872.0 840.0 55.0 esso la pegola sana lo alapicia. Sisto e otauiano.

229.0 909.0 975.0 71.0 Ancora fa lesia dela cenere de lelegne dela elera et dele

232.0 959.0 992.0 66.0 scorçe e lauane el cauo una fia e uegnira li capelli biõdi.

220.0 1001.0 979.0 67.0 Ancora ellate delasena fa li capelli molti negri. Gi-

226.0 1050.0 1005.0 63.0 rardo sul uiatico. Ancora la pegola nauale elo atra

225.0 1093.0 978.0 62.0 mento et la scorça de fora dela nose tridade et di

223.0 1138.0 976.0 68.0 solute con asedo Fino tanto chel uegno liquido ba-

225.0 1186.0 995.0 69.0 gnado un pãno fortissimam̃te fa negri li capelli ca-

222.0 1231.0 964.0 66.0 nudi infra el spacio de du mesi. Ancora questo fa

226.0 1279.0 977.0 61.0 nascere i capelli lolio ĩ lo quale sia sta cote le can

223.0 1323.0 995.0 63.0 tarele ungandolo capo con esso ꝑche ello secha la co-

226.0 1369.0 1001.0 67.0 dega et quando questo sie facto fa uno unguẽto

226.0 1415.0 987.0 65.0 de olio de oui e de sonça de orso et de cenere de

226.0 1462.0 960.0 60.0 condiso et de uerga daseno et de lasua melça

226.0 1511.0 927.0 55.0 et de cenere de coruo et de uentre de leuore

229.0 1551.0 974.0 64.0 puluerigado e de laudano et de cenere de auro

229.0 1597.0 956.0 53.0 nio brusado, et de capelli ueneris et de noselle

227.0 1641.0 998.0 60.0 brusade et de nose brusade et de olio de rafano

230.0 1683.0 947.0 58.0 et de rubege. Auicẽna et d. Ancora prendi le

227.0 1722.0 963.0 65.0 luserte uerde çoe li luguri ele sansuge mese

225.0 1769.0 971.0 78.0 dade con olio de laudano fa cença dubio nascere
