2005 2500
825.0 301.0 963.0 85.0 li capelli e li pelli sil uen unto el luogo chea bisogno de

825.0 370.0 967.0 59.0 ço. Ancora unçe el capo de orina de can e mai nõ

819.0 420.0 981.0 46.0 uegnira caluo. Ancora leluserte uerde ele sansu-

818.0 459.0 975.0 61.0 ge mesedade comesso lolio laurino unçando el lu-

819.0 509.0 988.0 59.0 ogo fa certamẽte nascere li capelli. Lo exꝑim̃tatore.

818.0 551.0 963.0 60.0 Ancora brusa lapelle del cauo de la uolpe cõ tuti li

822.0 597.0 969.0 54.0 lauri dela bocha e fa boire una luçerta uerde ta-

818.0 641.0 954.0 57.0 gladoli el cauo intro lolio un di e fane poluere

818.0 690.0 978.0 54.0 et de questa poluere metine doue tu uoy e nasce-

819.0 729.0 981.0 62.0 ra. Ga. indinamidij. Ancora lo euforbio con esso lolio

818.0 777.0 906.0 66.0 famirabele oꝑacione a questo. Ga . in quel luogo.

815.0 829.0 942.0 59.0 Ancora brusa una testudine uiua soura le uie et

815.0 876.0 969.0 65.0 mesedela cõtata lume quãto tu puo prendere con

812.0 920.0 974.0 70.0 tre dedi et altra tanto de megola de ceruo et cosela

814.0 977.0 968.0 61.0 con el uino et unçe el luogo de cauicio. Ancora

817.0 1020.0 933.0 74.0 questo effecto medesimo fa la cenere dele aue

819.0 1075.0 945.0 77.0 mesedado con esso lolio e onto sopra elluogo. G.

823.0 1133.0 326.0 65.0 in ledinamedij.

964 1162 786 85 Capitolo de non lassar nasere li pelli. 2

933.0 1240.0 833.0 61.0 çoche li pelli non renascano mai cauali et

925.0 1288.0 820.0 60.0 onçe el luogo unde tu li ay cauati del san

801.0 1330.0 962.0 76.0 gue del barbastelo ouer del sangue de una racola.

804.0 1390.0 946.0 64.0 Lo exꝑimentatore. Ancora a questo medesimo

794.0 1437.0 942.0 71.0 effecto prendi del sangue de barbastrelo e lo

798.0 1493.0 952.0 73.0 sugo del uisquiamo e le oue dele formige e lo pa

798.0 1552.0 956.0 73.0 pauer negro pesta tute queste cose e fane una

801.0 1597.0 930.0 69.0 massa con el sangue del barbastrelo et unçe el

801.0 1648.0 970.0 78.0 luogo e questo e certissimo. Lo exꝑimentatore.

800.0 1698.0 961.0 78.0 Ancora la cenere del torso de le uerçe impiastra

815.0 1747.0 855.0 72.0 comesso lasedo forte nõ lasa nascere pelli.

801.0 1795.0 901.0 91.0 Ancora el sugo de la ciguta meseda con laqua
