1999 2500
823.0 276.0 952.0 74.0 unguento elassalo stare un pocho et laua cun aqua

827.0 344.0 705.0 49.0 calda et li pelli anderano tuti uia

963 377 833 58 Capitolo de tuor uia le pustele del cauo. 3.

954.0 420.0 819.0 63.0 Sanare le pustele del cauo el se die lauare

950.0 468.0 836.0 63.0 el capo speso cun asedo ĩ lo quale sia cota de

1346 508 40 35 sto

830.0 518.0 948.0 54.0 La camamilla pesta et a que‸ nõce cassa megliore.

826.0 559.0 935.0 63.0 Macer. Ancora el nasturcio trido cõ la sunça

829.0 605.0 885.0 61.0 de Loca emeti suso lepustelle se sana. Macer

816.0 645.0 978.0 63.0 Ancora Le foglie de la uiglara tride et mesedade

826.0 693.0 970.0 55.0 el mele si sana. Macer. Ancora la decocione deli

830.0 740.0 959.0 55.0 picuoli rossi sana ogni rognia cusi del cauo come

823.0 784.0 963.0 63.0 deli altri menbri. Usaac. : Ancora prẽdi le radise

825.0 834.0 942.0 54.0 delpan porcino e cosile entro laqua e de quela

827.0 875.0 938.0 61.0 fane Lauare le pustele: et poi fale ungere con

827.0 919.0 956.0 61.0 lolio ĩ nel qual sia coto el pan porcino e questo le

832.0 965.0 962.0 57.0 sana fortemẽte et tosto. Constantino circa ĩstãs.

832.0 1005.0 960.0 61.0 Ancora lo asedo ĩ lo quale sia lo tartaro boglido dẽ

823.0 1052.0 959.0 60.0 tro si con esso uien unta la pustela tolanda ĩ pͬͥma

825.0 1101.0 928.0 55.0 uia la sana fortemẽte circha instans. Ancora

823.0 1143.0 949.0 62.0 prendi Li rami et le foglie del figaro uerde et

820.0 1190.0 953.0 55.0 tridadi bene et lauali forte entro laqua: Se La

822.0 1238.0 956.0 59.0 rasca ouer La pustela sera noua ese ella e ãtiga

822.0 1279.0 960.0 61.0 prendi La megola et ungili el uiatico. Ancora

823.0 1326.0 948.0 62.0 Le mandole amare mondificade con laqua calda

818.0 1366.0 972.0 64.0 e pestade che le uegna amodo de unguento radãdo

832.0 1416.0 961.0 60.0 ĩ pͬͥma el capo unguando uale molto. Gon. Ancora

825.0 1459.0 964.0 64.0 Le radise de la enula capana eli rami ele foglie

819.0 1504.0 943.0 62.0 del figaro ele mandole amare tride forte con

815.0 1550.0 964.0 59.0 olio et asedo forte e ĩprima aconçandoli La ceneͬͤ

818.0 1593.0 962.0 61.0 de le radise della uerga et dele scorce de laio. et

816.0 1638.0 910.0 59.0 Lo litargiro e lo argento uiuo e la cerusa e del

818.0 1676.0 961.0 65.0 sale cheseda queste cose ĩ sembre e sbatile forte

816.0 1723.0 969.0 58.0 e mõda ĩ pͬͥma el luogo cũ asedo ouer con orina

814.0 1770.0 976.0 74.0 et poi unge . Constantino et Lo exꝑimentatore.
