1704 2500
166 318 797 84 Fo chopia del mio libro ediuizia

218 379 762 89 aquelle che doneste ĩ onestade.

246 445 713 105 speso ifugo ꝑ amor tristizia.

182.0 576.0 902.0 94.0 Ma quelle che sono piẽ dichastitade

230.0 648.0 876.0 75.0 nõ uo che. mi rinputo il mio lauoro.

234.0 712.0 841.0 83.0 ne uedoue dongelle omaritade.

183 795 901 127 Quanto piu iposso il niego aloro.

234.0 901.0 914.0 79.0 ben che sia lutel degno uero pasto.

230.0 963.0 855.0 89.0 aquelle che guerir far dimoro.

168 1060 914 115 Color. chamar nõ sa ipur atasto.

233.0 1161.0 855.0 80.0 che toia me ꝑ guida e ꝑ artista.

239.0 1223.0 913.0 96.0 se machular uolese ogni cor. chasto.

171 1337 850 98 Nõ ꝑ arte difebor ne ꝑ uista.

229.0 1416.0 885.0 79.0 de dio sorelle ne de plicha proua.

269.0 1484.0 809.0 86.0 sol ꝑ usanza tal uirtu saquista.

156 1591 984 96 La prima parte mostro demia oura.

233.0 1672.0 821.0 80.0 chome cerchar tu debi ꝑ dileto.

232.0 1738.0 904.0 103.0 di donẽ che ti gustã ifati ci noura.

1547 47 81 82 3
