1732 2500
387 314 871 90 Anchor credo che sapi quãta pena.

439 391 813 77 portase ꝑ andromacha .ꝑseo.

447.0 459.0 872.0 88.0 che inindia passo ꝑ chaldarena

419.0 580.0 800.0 86.0 Di tante doñe roma tene el feo.

440.0 654.0 926.0 79.0 che alregno feminor nõ fo ꝯtento

443.0 720.0 819.0 88.0 quanto ꝑ aquistarlo ando teseo.

393 831 840 91 Nõ uidi ogni locho por disponto.

443.0 905.0 816.0 79.0 Di giouane matrone edamiselle.

444.0 968.0 882.0 90.0 che tuto lauro mõdo escharso cuinto.

366 1081 976 102 Nõ credo che nel ciel siẽ tante stelle.

440.0 1162.0 879.0 75.0 ne tante rene credo chabi il mare

441.0 1225.0 902.0 98.0 quante son qui doñe suꝑne ebelle

400.0 1350.0 905.0 90.0 O quante piaze auenus. cħouersare.

448.0 1423.0 803.0 78.0 ĩ questa terͬa ꝑamor del figlo.

444.0 1487.0 786.0 86.0 emari fu chelebe adominare.

413.0 1604.0 903.0 90.0 Or ti abandona. eferma. qui lartiglo.

445.0 1676.0 802.0 85.0 poi che tanto lauedi chopiossa

447.0 1740.0 901.0 100.0 che nõ saprai aqual ridar dipiglo.
