1772 2499
179 10 1399 206 Principia Ouidii de Arte Amandi

526.0 324.0 754.0 89.0 mor che ꝑdolceza il ciel choregie.

525 389 755 94 facer la tera si chome alui piaze.

537 453 778 100 e laqua anchora ꝑsuo chaldo regie

220 520 907 102 ꝑ far lui chason di qualche paze.

305.0 594.0 885.0 76.0 di meter prono qui el inteleto.

931 585 59 41 mio

311.0 655.0 977.0 86.0 che possa alqun fugir suo ardẽte fare.

258 772 846 94 I mi chonoscho di si pocho efeto.

306.0 846.0 896.0 77.0 dignorancia. chopiosa. el mio ĩgegno.

308.0 912.0 872.0 83.0 che aogni pichola opra. ison sogeto.

252.0 1037.0 929.0 81.0 Ma amor mi fa ditante lode degno.

302.0 1100.0 879.0 81.0 che mostrar credo apõto so natura.

319.0 1166.0 893.0 86.0 si chome uolghar mente qui disegno.

225 1293 777 77 A molti edificiale laletura.

293.0 1360.0 906.0 86.0 di quello ouidio lopra alta esublima.

312.0 1425.0 817.0 88.0 di pasto piu legier alchũ ꝓͦ qura.

237 1541 901 97 Chome tu uedi ĩ questa terza rima.

291.0 1622.0 767.0 77.0 aꝑto sforceromi traslatare.

305.0 1684.0 865.0 86.0 a quei cheẜ nõ puo digrãde stima.
