1713 2499
398 314 850 85 Chome trouata lai ĩto cħoceto.

451.0 402.0 872.0 65.0 ti mostro ĩ altra. parte ꝑdouere.

450.0 455.0 886.0 87.0 ꝑuenir afin del disirato efeto

400 568 810 102 Lultima sitraitara amãtenere

451.0 648.0 949.0 80.0 amor ĩ sieme acio che senpre dura

457.0 708.0 883.0 91.0 che lun elaltro siate dun uolere

418.0 830.0 957.0 87.0 E ti chonuien ĩ prima che prechura:

464.0 898.0 855.0 84.0 de una che piaza. bene agliochi toi.

459.0 967.0 860.0 85.0 che arquanto si chõferme enatura.

441.0 1082.0 887.0 93.0 Uegiedo ꝑla tera ne ua poi.

458.0 1156.0 871.0 79.0 e nõ te dicho charcho difazende.

465.0 1217.0 902.0 103.0 che siẽ chason priuarti agliochi suoi.

425.0 1339.0 900.0 89.0 Apri lorechie emeglo qui mĩdende.

455.0 1406.0 928.0 87.0 de nõ uoler chal chuno ti chastigha.

455.0 1477.0 907.0 86.0 ti basta ben che cħo amor. chontende

422.0 1593.0 839.0 96.0 Enõ ti para strania la fatigha

454.0 1666.0 875.0 81.0 che morte nõ chonciede mauetoria.

457.0 1728.0 846.0 112.0 aquelli che pasono si nutrigha
