1698 2499
194.0 302.0 807.0 128.0 Meglo me auisarti dogni chosa.

229 397 789 92 acio che ꝑuilta nõtroui schuse.

248.0 469.0 816.0 89.0 di nosaper il testo senza chiosa.

189 585 842 102 Esa che chõ passo donescho tuse

242.0 659.0 810.0 85.0 al ponticho di ponpe chelle doñe

247.0 726.0 801.0 94.0 he. par discese disuꝑne muse.

195.0 837.0 833.0 90.0 E ua mirando sopra elle cholloñe

244.0 913.0 879.0 79.0 dimarmor biancho esie zẽtil lauoro.

251.0 977.0 959.0 92.0 che una grã fama alsuo fator portoñe.

208.0 1095.0 823.0 90.0 Or ua soleto acio nõ far dimoro.

254.0 1170.0 846.0 76.0 etroua dizir monicho il suo tẽpio.

248.0 1235.0 846.0 92.0 cha faͬlo gli chosto ũgrã lauoro.

226.0 1360.0 908.0 85.0 Di questo nõti pascho anchorne ẽpio.

247.0 1429.0 908.0 80.0 ziel portincho debona che dipinse.

242.0 1493.0 924.0 88.0 si ben chetor nosi potrebe asenpio.

197 1603 792 94 Le doñe storiate qui che uinse.

240.0 1682.0 783.0 83.0 marite lor ꝑ chonsiglo di bello.

249.0 1749.0 871.0 100.0 chera alor padre emorte lospinse
