1723 2499
198.0 301.0 818.0 112.0 Se tu ꝑ questo forse fai dimora.

233 387 896 87 di nõ saꝑ trovar quel che ti piaza.

244.0 460.0 858.0 82.0 edoue che tu pensi zerchi anchora.

185 558 862 116 delle done tu dei saꝑ latraza.

242.0 651.0 908.0 80.0 io nollo ĩsegno ate chinõ chonoscho.

247.0 716.0 928.0 90.0 sa ben doue usa porsi chilli chaza.

185 808 929 118 Luselator chonosche ben alboscho

244.0 901.0 925.0 84.0 doue uselli chopiosso sagle ĩtrescha.

252.0 969.0 917.0 84.0 e poi lozonge chõ lariete del uischo.

210 1057 1017 127 de guarda un pocho pur aquei che pescha.

245.0 1162.0 917.0 79.0 che zercha. laque la doue che sia.

254.0 1223.0 940.0 101.0 el pescie buono che si pigla. lescha.

200 1334 839 105 Alora terͬa adrita questa. uia

248.0 1418.0 912.0 78.0 enõ bisogna gia che uadi altroue

249.0 1482.0 881.0 89.0 ne monti inaue ĩbarcha odĩgalia

187 1595 885 100 E nõ ti parͬa queste chose noue

255.0 1674.0 879.0 90.0 che paris ando ĩgrezia ꝑ elena.

252.0 1742.0 854.0 116.0 torno doue achille tante proue

1535 72 102 102 4
